@String(PAMI = {IEEE Trans. Pattern Anal. Mach. Intell.})
@String(IJCV = {Int. J. Comput. Vis.})
@String(CVPR= {IEEE Conf. Comput. Vis. Pattern Recog.})
@String(ICCV= {Int. Conf. Comput. Vis.})
@String(ECCV= {Eur. Conf. Comput. Vis.})
@String(NIPS= {Adv. Neural Inform. Process. Syst.})
@String(ICPR = {Int. Conf. Pattern Recog.})
@String(BMVC= {Brit. Mach. Vis. Conf.})
@String(TOG= {ACM Trans. Graph.})
@String(TIP  = {IEEE Trans. Image Process.})
@String(TVCG  = {IEEE Trans. Vis. Comput. Graph.})
@String(TMM  = {IEEE Trans. Multimedia})
@String(ACMMM= {ACM Int. Conf. Multimedia})
@String(ICME = {Int. Conf. Multimedia and Expo})
@String(ICASSP=	{ICASSP})
@String(ICIP = {IEEE Int. Conf. Image Process.})
@String(ACCV  = {ACCV})
@String(ICLR = {Int. Conf. Learn. Represent.})
@String(IJCAI = {IJCAI})
@String(PR   = {Pattern Recognition})
@String(AAAI = {AAAI})
@String(CVPRW= {IEEE Conf. Comput. Vis. Pattern Recog. Worksh.})
@String(CSVT = {IEEE Trans. Circuit Syst. Video Technol.})

@String(SPL	= {IEEE Sign. Process. Letters})
@String(VR   = {Vis. Res.})
@String(JOV	 = {J. Vis.})
@String(TVC  = {The Vis. Comput.})
@String(JCST  = {J. Comput. Sci. Tech.})
@String(CGF  = {Comput. Graph. Forum})
@String(CVM = {Computational Visual Media})


@String(PAMI  = {IEEE TPAMI})
@String(IJCV  = {IJCV})
@String(CVPR  = {CVPR})
@String(ICCV  = {ICCV})
@String(ECCV  = {ECCV})
@String(NIPS  = {NeurIPS})
@String(ICPR  = {ICPR})
@String(BMVC  =	{BMVC})
@String(TOG   = {ACM TOG})
@String(TIP   = {IEEE TIP})
@String(TVCG  = {IEEE TVCG})
@String(TCSVT = {IEEE TCSVT})
@String(TMM   =	{IEEE TMM})
@String(ACMMM = {ACM MM})
@String(ICME  =	{ICME})
@String(ICASSP=	{ICASSP})
@String(ICIP  = {ICIP})
@String(ACCV  = {ACCV})
@String(ICLR  = {ICLR})
@String(IJCAI = {IJCAI})
@String(PR = {PR})
@String(AAAI = {AAAI})
@String(CVPRW= {CVPRW})
@String(CSVT = {IEEE TCSVT})

@String(ICML   = {Int. Conf. Mach. Learn.})


@misc{Authors14,
 author = {FirstName LastName},
 title = {The frobnicatable foo filter},
 note = {Face and Gesture submission ID 324. Supplied as supplemental material {\tt fg324.pdf}},
 year = 2014
}

@misc{Authors14b,
 author = {FirstName LastName},
 title = {Frobnication tutorial},
 note = {Supplied as supplemental material {\tt tr.pdf}},
 year = 2014
}

@article{Alpher02,
author = {FirstName Alpher},
title = {Frobnication},
journal = PAMI,
volume = 12,
number = 1,
pages = {234--778},
year = 2002
}

@article{Alpher03,
author = {FirstName Alpher and  FirstName Fotheringham-Smythe},
title = {Frobnication revisited},
journal = {Journal of Foo},
volume = 13,
number = 1,
pages = {234--778},
year = 2003
}

@article{Alpher04,
author = {FirstName Alpher and FirstName Fotheringham-Smythe and FirstName Gamow},
title = {Can a machine frobnicate?},
journal = {Journal of Foo},
volume = 14,
number = 1,
pages = {234--778},
year = 2004
}

@inproceedings{Alpher05,
author = {FirstName Alpher and FirstName Gamow},
title = {Can a computer frobnicate?},
booktitle = CVPR,
pages = {234--778},
year = 2005
}

@misc{sora2024,
  author={Tim Brooks and Bill Peebles and Connor Holmes and Will DePue and Yufei Guo and Li Jing and David Schnurr and Joe Taylor and Troy Luhman and Eric Luhman and Clarence Ng and Ricky Wang and Aditya Ramesh},
    title = {Video generation models as world simulators},
    year = 2024,
  url={https://openai.com/research/video-generation-models-as-world-simulators},
howpublished  = { \url{https://openai.com/research/video-generation-models-as-world-simulators}},
}

@inproceedings{mittal2017sync,
  title={Sync-draw: Automatic video generation using deep recurrent attentive architectures},
  author={Mittal, Gaurav and Marwah, Tanya and Balasubramanian, Vineeth N},
  booktitle=ACMMM,
  pages={1096--1104},
  year={2017}
}

@article{wu2021godiva,
  title={{GODIVA}: Generating open-domain videos from natural descriptions},
  author={Wu, Chenfei and Huang, Lun and Zhang, Qianxi and Li, Binyang and Ji, Lei and Yang, Fan and Sapiro, Guillermo and Duan, Nan},
  journal={arXiv preprint arXiv:2104.14806},
  year={2021}
}

@inproceedings{balaji2019conditional,
  title={Conditional GAN with Discriminative Filter Generation for Text-to-Video Synthesis.},
  author={Balaji, Yogesh and Min, Martin Renqiang and Bai, Bing and Chellappa, Rama and Graf, Hans Peter},
  booktitle=IJCAI,
  volume={1},
  number={2019},
  pages={2},
  year={2019}
}

@inproceedings{deng2019irc,
  title={IRC-GAN: Introspective Recurrent Convolutional GAN for Text-to-video Generation.},
  author={Deng, Kangle and Fei, Tianyi and Huang, Xin and Peng, Yuxin},
  booktitle=IJCAI,
  pages={2216--2222},
  year={2019}
}

@inproceedings{li2018video,
  title={Video generation from text},
  author={Li, Yitong and Min, Martin and Shen, Dinghan and Carlson, David and Carin, Lawrence},
  booktitle=AAAI,
  volume={32},
  number={1},
  year={2018}
}

@inproceedings{pan2017create,
  title={To create what you tell: Generating videos from captions},
  author={Pan, Yingwei and Qiu, Zhaofan and Yao, Ting and Li, Houqiang and Mei, Tao},
  booktitle=ACMMM,
  pages={1789--1798},
  year={2017}
}

@inproceedings{wu2022nuwa,
  title={N{\"u}wa: Visual synthesis pre-training for neural visual world creation},
  author={Wu, Chenfei and Liang, Jian and Ji, Lei and Yang, Fan and Fang, Yuejian and Jiang, Daxin and Duan, Nan},
  booktitle=ECCV,
  pages={720--736},
  year={2022},
  organization={Springer}
}

@article{villegas2022phenaki,
  title={Phenaki: Variable length video generation from open domain textual description},
  author={Villegas, Ruben and Babaeizadeh, Mohammad and Kindermans, Pieter-Jan and Moraldo, Hernan and Zhang, Han and Saffar, Mohammad Taghi and Castro, Santiago and Kunze, Julius and Erhan, Dumitru},
  journal={arXiv preprint arXiv:2210.02399},
  year={2022}
}

@article{nichol2021glide,
  title={Glide: Towards photorealistic image generation and editing with text-guided diffusion models},
  author={Nichol, Alex and Dhariwal, Prafulla and Ramesh, Aditya and Shyam, Pranav and Mishkin, Pamela and McGrew, Bob and Sutskever, Ilya and Chen, Mark},
  journal={arXiv preprint arXiv:2112.10741},
  year={2021}
}

@article{ramesh2022hierarchical,
  author       = {Aditya Ramesh and
                  Prafulla Dhariwal and
                  Alex Nichol and
                  Casey Chu and
                  Mark Chen},
  title        = {Hierarchical Text-Conditional Image Generation with {CLIP} Latents},
  journal      = {arXiv preprint arXiv:2204.06125},
  year         = {2022},
  url          = {https://doi.org/10.48550/arXiv.2204.06125},
  doi          = {10.48550/ARXIV.2204.06125},
  eprinttype    = {arXiv},
  eprint       = {2204.06125},
  timestamp    = {Thu, 25 May 2023 10:38:31 +0200},
  biburl       = {https://dblp.org/rec/journals/corr/abs-2204-06125.bib},
  bibsource    = {dblp computer science bibliography, https://dblp.org}
}



@inproceedings{saharia2022photorealistic,
  author       = {Chitwan Saharia and
                  William Chan and
                  Saurabh Saxena and
                  Lala Li and
                  Jay Whang and
                  Emily L. Denton and
                  Seyed Kamyar Seyed Ghasemipour and
                  Raphael Gontijo Lopes and
                  Burcu Karagol Ayan and
                  Tim Salimans and
                  Jonathan Ho and
                  David J. Fleet and
                  Mohammad Norouzi},
  editor       = {Sanmi Koyejo and
                  S. Mohamed and
                  A. Agarwal and
                  Danielle Belgrave and
                  K. Cho and
                  A. Oh},
  title        = {Photorealistic Text-to-Image Diffusion Models with Deep Language Understanding},
  booktitle    = NIPS,
  year         = {2022},
  url          = {http://papers.nips.cc/paper\_files/paper/2022/hash/ec795aeadae0b7d230fa35cbaf04c041-Abstract-Conference.html},
  timestamp    = {Mon, 08 Jan 2024 16:31:36 +0100},
  biburl       = {https://dblp.org/rec/conf/nips/SahariaCSLWDGLA22.bib},
  bibsource    = {dblp computer science bibliography, https://dblp.org}
}

@inproceedings{rombach2022high,
  title={High-resolution image synthesis with latent diffusion models},
  author={Rombach, Robin and Blattmann, Andreas and Lorenz, Dominik and Esser, Patrick and Ommer, Bjorn},
  booktitle=CVPR,
  pages={10684--10695},
  year={2022}
}

@inproceedings{peebles2023scalable,
  title={Scalable diffusion models with transformers},
  author={Peebles, William and Xie, Saining},
  booktitle=ICCV,
  pages={4195--4205},
  year={2023}
}

@inproceedings{podell2023sdxl,
  author       = {Dustin Podell and
                  Zion English and
                  Kyle Lacey and
                  Andreas Blattmann and
                  Tim Dockhorn and
                  Jonas M{\"{u}}ller and
                  Joe Penna and
                  Robin Rombach},
  title        = {{SDXL}: Improving Latent Diffusion Models for High-Resolution Image
                  Synthesis},
  booktitle    = ICLR,
  publisher    = {OpenReview.net},
  year         = {2024},
  url          = {https://openreview.net/forum?id=di52zR8xgf},
  timestamp    = {Mon, 29 Jul 2024 17:17:48 +0200},
  biburl       = {https://dblp.org/rec/conf/iclr/PodellELBDMPR24.bib},
  bibsource    = {dblp computer science bibliography, https://dblp.org}
}

@article{goodfellow2020generative,
  title={Generative adversarial networks},
  author={Goodfellow, Ian and Pouget-Abadie, Jean and Mirza, Mehdi and Xu, Bing and Warde-Farley, David and Ozair, Sherjil and Courville, Aaron and Bengio, Yoshua},
  journal={Communications of the ACM},
  volume={63},
  number={11},
  pages={139--144},
  year={2020},
  publisher={ACM New York, NY, USA}
}


@inproceedings{kang2023scaling,
  title={Scaling up gans for text-to-image synthesis},
  author={Kang, Minguk and Zhu, Jun-Yan and Zhang, Richard and Park, Jaesik and Shechtman, Eli and Paris, Sylvain and Park, Taesung},
  booktitle=CVPR,
  pages={10124--10134},
  year={2023}
}

@article{sauer2023stylegan,
  title={Stylegan-t: Unlocking the power of gans for fast large-scale text-to-image synthesis},
  author={Sauer, Axel and Karras, Tero and Laine, Samuli and Geiger, Andreas and Aila, Timo},
  journal={arXiv preprint arXiv:2301.09515},
  year={2023}
}

@inproceedings{ding2021cogview,
  author       = {Ming Ding and
                  Zhuoyi Yang and
                  Wenyi Hong and
                  Wendi Zheng and
                  Chang Zhou and
                  Da Yin and
                  Junyang Lin and
                  Xu Zou and
                  Zhou Shao and
                  Hongxia Yang and
                  Jie Tang},
  editor       = {Marc'Aurelio Ranzato and
                  Alina Beygelzimer and
                  Yann N. Dauphin and
                  Percy Liang and
                  Jennifer Wortman Vaughan},
  title        = {{CogView}: Mastering Text-to-Image Generation via Transformers},
  booktitle    = NIPS,
  pages        = {19822--19835},
  year         = {2021},
  url          = {https://proceedings.neurips.cc/paper/2021/hash/a4d92e2cd541fca87e4620aba658316d-Abstract.html},
  timestamp    = {Tue, 13 Aug 2024 08:06:44 +0200},
  biburl       = {https://dblp.org/rec/conf/nips/DingYHZZYLZSYT21.bib},
  bibsource    = {dblp computer science bibliography, https://dblp.org}
}

@article{hong2022cogvideo,
  title={{CogVideo}: Large-scale pretraining for text-to-video generation via transformers},
  author={Hong, Wenyi and Ding, Ming and Zheng, Wendi and Liu, Xinghan and Tang, Jie},
  journal={arXiv preprint arXiv:2205.15868},
  year={2022}
}

@inproceedings{van2017neural,
  author       = {A{\"{a}}ron van den Oord and
                  Oriol Vinyals and
                  Koray Kavukcuoglu},
  editor       = {Isabelle Guyon and
                  Ulrike von Luxburg and
                  Samy Bengio and
                  Hanna M. Wallach and
                  Rob Fergus and
                  S. V. N. Vishwanathan and
                  Roman Garnett},
  title        = {Neural Discrete Representation Learning},
  booktitle    = NIPS,
  pages        = {6306--6315},
  year         = {2017},
  url          = {https://proceedings.neurips.cc/paper/2017/hash/7a98af17e63a0ac09ce2e96d03992fbc-Abstract.html},
  timestamp    = {Thu, 21 Jan 2021 15:15:21 +0100},
  biburl       = {https://dblp.org/rec/conf/nips/OordVK17.bib},
  bibsource    = {dblp computer science bibliography, https://dblp.org}
}

@inproceedings{chen2020generative,
  title={Generative pretraining from pixels},
  author={Chen, Mark and Radford, Alec and Child, Rewon and Wu, Jeffrey and Jun, Heewoo and Luan, David and Sutskever, Ilya},
  booktitle=ICML,
  pages={1691--1703},
  year={2020},
  organization={PMLR}
}

@inproceedings{ho2020denoising,
  author       = {Jonathan Ho and
                  Ajay Jain and
                  Pieter Abbeel},
  editor       = {Hugo Larochelle and
                  Marc'Aurelio Ranzato and
                  Raia Hadsell and
                  Maria{-}Florina Balcan and
                  Hsuan{-}Tien Lin},
  title        = {Denoising Diffusion Probabilistic Models},
  booktitle    = NIPS,
  year         = {2020},
  url          = {https://proceedings.neurips.cc/paper/2020/hash/4c5bcfec8584af0d967f1ab10179ca4b-Abstract.html},
  timestamp    = {Tue, 19 Jan 2021 15:57:09 +0100},
  biburl       = {https://dblp.org/rec/conf/nips/HoJA20.bib},
  bibsource    = {dblp computer science bibliography, https://dblp.org}
}

@inproceedings{kingma2013auto,
  author       = {Diederik P. Kingma and
                  Max Welling},
  editor       = {Yoshua Bengio and
                  Yann LeCun},
  title        = {Auto-Encoding Variational Bayes},
  booktitle    = ICLR,
  year         = {2014},
  url          = {http://arxiv.org/abs/1312.6114},
  timestamp    = {Thu, 04 Apr 2019 13:20:07 +0200},
  biburl       = {https://dblp.org/rec/journals/corr/KingmaW13.bib},
  bibsource    = {dblp computer science bibliography, https://dblp.org}
}

@inproceedings{zhang2023controlvideo,
  author       = {Yabo Zhang and
                  Yuxiang Wei and
                  Dongsheng Jiang and
                  Xiaopeng Zhang and
                  Wangmeng Zuo and
                  Qi Tian},
  title        = {{ControlVideo}: Training-free Controllable Text-to-video Generation},
  booktitle    = ICLR,
  publisher    = {OpenReview.net},
  year         = {2024},
  url          = {https://openreview.net/forum?id=5a79AqFr0c},
  timestamp    = {Wed, 07 Aug 2024 17:11:53 +0200},
  biburl       = {https://dblp.org/rec/conf/iclr/Zhang0J0Z024.bib},
  bibsource    = {dblp computer science bibliography, https://dblp.org}
}

@inproceedings{radford2021learning,
  title={Learning transferable visual models from natural language supervision},
  author={Radford, Alec and Kim, Jong Wook and Hallacy, Chris and Ramesh, Aditya and Goh, Gabriel and Agarwal, Sandhini and Sastry, Girish and Askell, Amanda and Mishkin, Pamela and Clark, Jack and others},
  booktitle=ICML,
  pages={8748--8763},
  year={2021},
  organization={PMLR}
}

@inproceedings{esser2021taming,
  title={Taming transformers for high-resolution image synthesis},
  author={Esser, Patrick and Rombach, Robin and Ommer, Bjorn},
  booktitle=CVPR,
  pages={12873--12883},
  year={2021}
}

@inproceedings{zhang2023adding,
  title={Adding conditional control to text-to-image diffusion models},
  author={Zhang, Lvmin and Rao, Anyi and Agrawala, Maneesh},
  booktitle=ICCV,
  pages={3836--3847},
  year={2023}
}

@inproceedings{mou2023t2i,
  author       = {Chong Mou and
                  Xintao Wang and
                  Liangbin Xie and
                  Yanze Wu and
                  Jian Zhang and
                  Zhongang Qi and
                  Ying Shan},
  editor       = {Michael J. Wooldridge and
                  Jennifer G. Dy and
                  Sriraam Natarajan},
  title        = {T2I-Adapter: Learning Adapters to Dig Out More Controllable Ability
                  for Text-to-Image Diffusion Models},
  booktitle    = AAAI,
  pages        = {4296--4304},
  publisher    = {{AAAI} Press},
  year         = {2024},
  url          = {https://doi.org/10.1609/aaai.v38i5.28226},
  doi          = {10.1609/AAAI.V38I5.28226},
  timestamp    = {Tue, 02 Apr 2024 16:32:08 +0200},
  biburl       = {https://dblp.org/rec/conf/aaai/MouWXW0QS24.bib},
  bibsource    = {dblp computer science bibliography, https://dblp.org}
}

@article{huang2023composer,
  title={Composer: Creative and controllable image synthesis with composable conditions},
  author={Huang, Lianghua and Chen, Di and Liu, Yu and Shen, Yujun and Zhao, Deli and Zhou, Jingren},
  journal={arXiv preprint arXiv:2302.09778},
  year={2023}
}


@inproceedings{ronneberger2015u,
  author       = {Olaf Ronneberger and
                  Philipp Fischer and
                  Thomas Brox},
  editor       = {Nassir Navab and
                  Joachim Hornegger and
                  William M. Wells III and
                  Alejandro F. Frangi},
  title        = {{U-Net}: Convolutional Networks for Biomedical Image Segmentation},
  booktitle    = {Medical Image Computing and Computer-Assisted Intervention},
  series       = {Lecture Notes in Computer Science},
  volume       = {9351},
  pages        = {234--241},
  publisher    = {Springer},
  year         = {2015},
  url          = {https://doi.org/10.1007/978-3-319-24574-4\_28},
  doi          = {10.1007/978-3-319-24574-4\_28},
  timestamp    = {Mon, 03 Jan 2022 22:36:27 +0100},
  biburl       = {https://dblp.org/rec/conf/miccai/RonnebergerFB15.bib},
  bibsource    = {dblp computer science bibliography, https://dblp.org}
}

@article{ho2022imagen,
  title={Imagen video: High definition video generation with diffusion models},
  author={Ho, Jonathan and Chan, William and Saharia, Chitwan and Whang, Jay and Gao, Ruiqi and Gritsenko, Alexey and Kingma, Diederik P and Poole, Ben and Norouzi, Mohammad and Fleet, David J and others},
  journal={arXiv preprint arXiv:2210.02303},
  year={2022}
}

@inproceedings{wu2023tune,
  title={Tune-a-video: One-shot tuning of image diffusion models for text-to-video generation},
  author={Wu, Jay Zhangjie and Ge, Yixiao and Wang, Xintao and Lei, Stan Weixian and Gu, Yuchao and Shi, Yufei and Hsu, Wynne and Shan, Ying and Qie, Xiaohu and Shou, Mike Zheng},
  booktitle=ICCV,
  pages={7623--7633},
  year={2023}
}

@inproceedings{khachatryan2023text2video,
  author       = {Levon Khachatryan and
                  Andranik Movsisyan and
                  Vahram Tadevosyan and
                  Roberto Henschel and
                  Zhangyang Wang and
                  Shant Navasardyan and
                  Humphrey Shi},
  title        = {{Text2Video-Zero}: Text-to-Image Diffusion Models are Zero-Shot Video
                  Generators},
  booktitle    = ICCV,
  pages        = {15908--15918},
  publisher    = {{IEEE}},
  year         = {2023},
  url          = {https://doi.org/10.1109/ICCV51070.2023.01462},
  doi          = {10.1109/ICCV51070.2023.01462},
  timestamp    = {Mon, 22 Jan 2024 17:21:08 +0100},
  biburl       = {https://dblp.org/rec/conf/iccv/KhachatryanMTHW23.bib},
  bibsource    = {dblp computer science bibliography, https://dblp.org}
}

@article{singer2022make,
  title={Make-a-video: Text-to-video generation without text-video data},
  author={Singer, Uriel and Polyak, Adam and Hayes, Thomas and Yin, Xi and An, Jie and Zhang, Songyang and Hu, Qiyuan and Yang, Harry and Ashual, Oron and Gafni, Oran and others},
  journal={arXiv preprint arXiv:2209.14792},
  year={2022}
}

@article{hu2023lamd,
  title={LaMD: Latent Motion Diffusion for Video Generation},
  author={Hu, Yaosi and Chen, Zhenzhong and Luo, Chong},
  journal={arXiv preprint arXiv:2304.11603},
  year={2023}
}

@inproceedings{ni2023conditional,
  title={Conditional Image-to-Video Generation with Latent Flow Diffusion Models},
  author={Ni, Haomiao and Shi, Changhao and Li, Kai and Huang, Sharon X and Min, Martin Renqiang},
  booktitle=CVPR,
  pages={18444--18455},
  year={2023}
}

@article{li2023generative,
  title={Generative image dynamics},
  author={Li, Zhengqi and Tucker, Richard and Snavely, Noah and Holynski, Aleksander},
  journal={arXiv preprint arXiv:2309.07906},
  year={2023}
}

@inproceedings{esser2023structure,
  title={Structure and content-guided video synthesis with diffusion models},
  author={Esser, Patrick and Chiu, Johnathan and Atighehchian, Parmida and Granskog, Jonathan and Germanidis, Anastasis},
  booktitle=ICCV,
  pages={7346--7356},
  year={2023}
}

@inproceedings{Hu2021MakeIM,
  author       = {Yaosi Hu and
                  Chong Luo and
                  Zhenzhong Chen},
  title        = {Make It Move: Controllable Image-to-Video Generation with Text Descriptions},
  booktitle    = CVPR,
  pages        = {18198--18207},
  publisher    = {{IEEE}},
  year         = {2022},
  url          = {https://doi.org/10.1109/CVPR52688.2022.01768},
  doi          = {10.1109/CVPR52688.2022.01768},
  timestamp    = {Sun, 19 Jan 2025 13:39:04 +0100},
  biburl       = {https://dblp.org/rec/conf/cvpr/HuLC22.bib},
  bibsource    = {dblp computer science bibliography, https://dblp.org}
}

@inproceedings{bain2021frozen,
  title={Frozen in time: A joint video and image encoder for end-to-end retrieval},
  author={Bain, Max and Nagrani, Arsha and Varol, Gul and Zisserman, Andrew},
  booktitle=ICCV,
  pages={1728--1738},
  year={2021}
}

@article{he2022latent,
  title={Latent video diffusion models for high-fidelity video generation with arbitrary lengths},
  author={He, Yingqing and Yang, Tianyu and Zhang, Yong and Shan, Ying and Chen, Qifeng},
  journal={arXiv preprint arXiv:2211.13221},
  year={2022}
}

@article{zhou2022magicvideo,
  title={Magicvideo: Efficient video generation with latent diffusion models},
  author={Zhou, Daquan and Wang, Weimin and Yan, Hanshu and Lv, Weiwei and Zhu, Yizhe and Feng, Jiashi},
  journal={arXiv preprint arXiv:2211.11018},
  year={2022}
}

@inproceedings{luo2023videofusion,
  title={VideoFusion: Decomposed Diffusion Models for High-Quality Video Generation},
  author={Luo, Zhengxiong and Chen, Dayou and Zhang, Yingya and Huang, Yan and Wang, Liang and Shen, Yujun and Zhao, Deli and Zhou, Jingren and Tan, Tieniu},
  booktitle=CVPR,
  pages={10209--10218},
  year={2023}
}

@article{wang2023modelscope,
  title={Modelscope text-to-video technical report},
  author={Wang, Jiuniu and Yuan, Hangjie and Chen, Dayou and Zhang, Yingya and Wang, Xiang and Zhang, Shiwei},
  journal={arXiv preprint arXiv:2308.06571},
  year={2023}
}

@inproceedings{wang2023videocomposer,
  author       = {Xiang Wang and
                  Hangjie Yuan and
                  Shiwei Zhang and
                  Dayou Chen and
                  Jiuniu Wang and
                  Yingya Zhang and
                  Yujun Shen and
                  Deli Zhao and
                  Jingren Zhou},
  editor       = {Alice Oh and
                  Tristan Naumann and
                  Amir Globerson and
                  Kate Saenko and
                  Moritz Hardt and
                  Sergey Levine},
  title        = {{VideoComposer}: Compositional Video Synthesis with Motion Controllability},
  booktitle    = NIPS,
  year         = {2023},
  url          = {http://papers.nips.cc/paper\_files/paper/2023/hash/180f6184a3458fa19c28c5483bc61877-Abstract-Conference.html},
  timestamp    = {Tue, 08 Oct 2024 07:48:00 +0200},
  biburl       = {https://dblp.org/rec/conf/nips/WangYZCWZSZZ23.bib},
  bibsource    = {dblp computer science bibliography, https://dblp.org}
}

@inproceedings{unterthiner2019fvd,
  author       = {Thomas Unterthiner and
                  Sjoerd van Steenkiste and
                  Karol Kurach and
                  Rapha{\"{e}}l Marinier and
                  Marcin Michalski and
                  Sylvain Gelly},
  title        = {{FVD}: {A} new Metric for Video Generation},
  booktitle    = {Deep Generative Models for Highly Structured Data, {ICLR} 2019 Workshop,
                  New Orleans, Louisiana, United States, May 6, 2019},
  publisher    = {OpenReview.net},
  year         = {2019},
  url          = {https://openreview.net/forum?id=rylgEULtdN},
  timestamp    = {Thu, 25 Jul 2019 16:26:32 +0200},
  biburl       = {https://dblp.org/rec/conf/iclr/UnterthinerSKMM19.bib},
  bibsource    = {dblp computer science bibliography, https://dblp.org}
}

@inproceedings{xu2016msr,
  title={Msr-vtt: A large video description dataset for bridging video and language},
  author={Xu, Jun and Mei, Tao and Yao, Ting and Rui, Yong},
  booktitle=CVPR,
  pages={5288--5296},
  year={2016}
}

@article{Chen2023VideoCrafter1OD,
  title={{VideoCrafter1}: Open Diffusion Models for High-Quality Video Generation},
  author={Haoxin Chen and Menghan Xia and Yin-Yin He and Yong Zhang and Xiaodong Cun and Shaoshu Yang and Jinbo Xing and Yaofang Liu and Qifeng Chen and Xintao Wang and Chao-Liang Weng and Ying Shan},
  journal={arXiv preprint arXiv:2310.19512},
  year={2023},
  url={https://api.semanticscholar.org/CorpusID:264803867}
}

@inproceedings{Dhariwal2021DiffusionMB,
  author       = {Prafulla Dhariwal and
                  Alexander Quinn Nichol},
  editor       = {Marc'Aurelio Ranzato and
                  Alina Beygelzimer and
                  Yann N. Dauphin and
                  Percy Liang and
                  Jennifer Wortman Vaughan},
  title        = {Diffusion Models Beat {GANs} on Image Synthesis},
  booktitle    = NIPS,
  pages        = {8780--8794},
  year         = {2021},
  url          = {https://proceedings.neurips.cc/paper/2021/hash/49ad23d1ec9fa4bd8d77d02681df5cfa-Abstract.html},
  timestamp    = {Tue, 03 May 2022 16:20:47 +0200},
  biburl       = {https://dblp.org/rec/conf/nips/DhariwalN21.bib},
  bibsource    = {dblp computer science bibliography, https://dblp.org}
}


@inproceedings{dosovitskiy2020image,
  title={An Image is Worth 16x16 Words: Transformers for Image Recognition at Scale},
  author={Dosovitskiy, Alexey and Beyer, Lucas and Kolesnikov, Alexander and Weissenborn, Dirk and Zhai, Xiaohua and Unterthiner, Thomas and Dehghani, Mostafa and Minderer, Matthias and Heigold, Georg and Gelly, Sylvain and others},
  booktitle=ICLR,
  year={2020}
}




%%
@inproceedings{holynski2021animating,
  title={Animating pictures with eulerian motion fields},
  author={Holynski, Aleksander and Curless, Brian L and Seitz, Steven M and Szeliski, Richard},
  booktitle=CVPR,
  year={2021}
}

@inproceedings{siarohin2019animating,
  title={Animating arbitrary objects via deep motion transfer},
  author={Siarohin, Aliaksandr and Lathuili{\`e}re, St{\'e}phane and Tulyakov, Sergey and Ricci, Elisa and Sebe, Nicu},
  booktitle=CVPR,
  year={2019}
}

@inproceedings{blattmann2021understanding,
  title={Understanding object dynamics for interactive image-to-video synthesis},
  author={Blattmann, Andreas and Milbich, Timo and Dorkenwald, Michael and Ommer, Bjorn},
  booktitle=CVPR,
  year={2021}
}

@inproceedings{dorkenwald2021stochastic,
  title={Stochastic image-to-video synthesis using cinns},
  author={Dorkenwald, Michael and Milbich, Timo and Blattmann, Andreas and Rombach, Robin and Derpanis, Konstantinos G and Ommer, Bjorn},
  booktitle=CVPR,
  year={2021}
}

@inproceedings{wang2021latent,
  title={Latent Image Animator: Learning to Animate Images via Latent Space Navigation},
  author={Wang, Yaohui and Yang, Di and Bremond, Francois and Dantcheva, Antitza},
  booktitle=ICLR,
  year={2021}
}

@inproceedings{siarohin2019first,
  title={First order motion model for image animation},
  author={Siarohin, Aliaksandr and Lathuili{\`e}re, St{\'e}phane and Tulyakov, Sergey and Ricci, Elisa and Sebe, Nicu},
  booktitle=NIPS,
  year={2019}
}

@inproceedings{siarohin2021motion,
  title={Motion representations for articulated animation},
  author={Siarohin, Aliaksandr and Woodford, Oliver J and Ren, Jian and Chai, Menglei and Tulyakov, Sergey},
  booktitle=CVPR,
  year={2021}
}

@inproceedings{zhao2022thin,
  title={Thin-plate spline motion model for image animation},
  author={Zhao, Jian and Zhang, Hui},
  booktitle=CVPR,
  year={2022}
}

@inproceedings{wang2020imaginator,
  title={Imaginator: Conditional spatio-temporal gan for video generation},
  author={Wang, Yaohui and Bilinski, Piotr and Bremond, Francois and Dantcheva, Antitza},
  booktitle=WACV,
  year={2020}
}

@inproceedings{xiong2018learning,
  title={Learning to generate time-lapse videos using multi-stage dynamic generative adversarial networks},
  author={Xiong, Wei and Luo, Wenhan and Ma, Lin and Liu, Wei and Luo, Jiebo},
  booktitle=CVPR,
  year={2018}
}

@inproceedings{babaeizadeh2018stochastic,
  title={Stochastic variational video prediction},
  author={Babaeizadeh, Mohammad and Finn, Chelsea and Erhan, Dumitru and Campbell, Roy and Levine, Sergey},
  booktitle=ICLR,
  year={2018}
}

@inproceedings{xiao2023automatic,
  title={Automatic Animation of Hair Blowing in Still Portrait Photos},
  author={Xiao, Wenpeng and Liu, Wentao and Wang, Yitong and Ghanem, Bernard and Li, Bing},
  booktitle=ICCV,
  year={2023}
}

@inproceedings{mallya2022implicit,
  title={Implicit warping for animation with image sets},
  author={Mallya, Arun and Wang, Ting-Chun and Liu, Ming-Yu},
  booktitle=NIPS,
  year={2022}
}

%% text
@inproceedings{hu2022make,
  title={Make it move: controllable image-to-video generation with text descriptions},
  author={Hu, Yaosi and Luo, Chong and Chen, Zhenzhong},
  booktitle=CVPR,
  year={2022}
}

@article{endo2019animating,
  title={Animating landscape: self-supervised learning of decoupled motion and appearance for single-image video synthesis},
  author={Endo, Yuki and Kanamori, Yoshihiro and Kuriyama, Shigeru},
  journal=TOG,
  volume={38},
  number={6},
  pages={1--19},
  year={2019}
}

%% fashion image
@article{karras2023dreampose,
  title={Dreampose: Fashion image-to-video synthesis via stable diffusion},
  author={Karras, Johanna and Holynski, Aleksander and Wang, Ting-Chun and Kemelmacher-Shlizerman, Ira},
  journal={arXiv preprint arXiv:2304.06025},
  year={2023}
}

%% video prediction
@inproceedings{voleti2022mcvd,
  title={MCVD-masked conditional video diffusion for prediction, generation, and interpolation},
  author={Voleti, Vikram and Jolicoeur-Martineau, Alexia and Pal, Chris},
  booktitle=NIPS,
  year={2022}
}

%% video prediction
@inproceedings{hu2023dynamic,
  title={A dynamic multi-scale voxel flow network for video prediction},
  author={Hu, Xiaotao and Huang, Zhewei and Huang, Ailin and Xu, Jun and Zhou, Shuchang},
  booktitle=CVPR,
  year={2023}
}

%%video prediction
@article{lee2018stochastic,
  title={Stochastic adversarial video prediction},
  author={Lee, Alex X and Zhang, Richard and Ebert, Frederik and Abbeel, Pieter and Finn, Chelsea and Levine, Sergey},
  journal={arXiv preprint arXiv:1804.01523},
  year={2018}
}

%%video prediction
@article{hoppe2022diffusion,
  title={Diffusion Models for Video Prediction and Infilling},
  author={H{\"o}ppe, Tobias and Mehrjou, Arash and Bauer, Stefan and Nielsen, Didrik and Dittadi, Andrea},
  journal=TMLR,
  year={2022}
}

%%video prediction
@inproceedings{franceschi2020stochastic,
  title={Stochastic latent residual video prediction},
  author={Franceschi, Jean-Yves and Delasalles, Edouard and Chen, Micka{\"e}l and Lamprier, Sylvain and Gallinari, Patrick},
  booktitle=ICML,
  year={2020}
}

%%video prediction
@inproceedings{zhang2020dtvnet,
  title={Dtvnet: Dynamic time-lapse video generation via single still image},
  author={Zhang, Jiangning and Xu, Chao and Liu, Liang and Wang, Mengmeng and Wu, Xia and Liu, Yong and Jiang, Yunliang},
  booktitle=ECCV,
  year={2020},
}

%%prediction
@inproceedings{li2018flow,
  title={Flow-grounded spatial-temporal video prediction from still images},
  author={Li, Yijun and Fang, Chen and Yang, Jimei and Wang, Zhaowen and Lu, Xin and Yang, Ming-Hsuan},
  booktitle=ECCV,
  year={2018}
}

@inproceedings{xue2016visual,
  title={Visual dynamics: Probabilistic future frame synthesis via cross convolutional networks},
  author={Xue, Tianfan and Wu, Jiajun and Bouman, Katherine and Freeman, Bill},
  booktitle=NIPS,
  year={2016}
}

%% traj control
@inproceedings{hao2018controllable,
  title={Controllable video generation with sparse trajectories},
  author={Hao, Zekun and Huang, Xun and Belongie, Serge},
  booktitle=CVPR,
  year={2018}
}

%%%%%%%GAN
@inproceedings{shaham2019singan,
  title={Singan: Learning a generative model from a single natural image},
  author={Shaham, Tamar Rott and Dekel, Tali and Michaeli, Tomer},
  booktitle=ICCV,
  year={2019}
}

@inproceedings{hinz2021improved,
  title={Improved techniques for training single-image gans},
  author={Hinz, Tobias and Fisher, Matthew and Wang, Oliver and Wermter, Stefan},
  booktitle=WACV,
  year={2021}
}

@inproceedings{karras2020analyzing,
  title={Analyzing and improving the image quality of stylegan},
  author={Karras, Tero and Laine, Samuli and Aittala, Miika and Hellsten, Janne and Lehtinen, Jaakko and Aila, Timo},
  booktitle=CVPR,
  year={2020}
}

%%%%%%%% physical simulation
@inproceedings{chuang2005animating,
  title={Animating pictures with stochastic motion textures},
  author={Chuang, Yung-Yu and Goldman, Dan B and Zheng, Ke Colin and Curless, Brian and Salesin, David H and Szeliski, Richard},
  booktitle={ACM SIGGRAPH},
  year={2005}
}

@article{jhou2015animating,
  title={Animating still landscape photographs through cloud motion creation},
  author={Jhou, Wei-Cih and Cheng, Wen-Huang},
  journal=TMM,
  volume={18},
  number={1},
  pages={4--13},
  year={2015}
}

%%%driving
@inproceedings{prashnani2017phase,
  title={A Phase-Based Approach for Animating Images Using Video Examples},
  author={Prashnani, Ekta and Noorkami, Maneli and Vaquero, Daniel and Sen, Pradeep},
  booktitle=CGF,
  volume={36},
  number={6},
  pages={303--311},
  year={2017}
}

%%%driving
@inproceedings{cheng2020time,
  title={Time flies: Animating a still image with time-lapse video as reference},
  author={Cheng, Chia-Chi and Chen, Hung-Yu and Chiu, Wei-Chen},
  booktitle=CVPR,
  year={2020}
}

%%driving
@inproceedings{okabe2009animating,
  title={Animating pictures of fluid using video examples},
  author={Okabe, Makoto and Anjyo, Ken and Igarashi, Takeo and Seidel, Hans-Peter},
  booktitle=CGF,
  volume={28},
  number={2},
  pages={677--686},
  year={2009}
}

%%%%%%%%%%%
@article{xue2018visual,
  title={Visual dynamics: Stochastic future generation via layered cross convolutional networks},
  author={Xue, Tianfan and Wu, Jiajun and Bouman, Katherine L and Freeman, William T},
  journal=PAMI,
  volume={41},
  number={9},
  pages={2236--2250},
  year={2018}
}

@inproceedings{weng2019photo,
  title={Photo wake-up: 3d character animation from a single photo},
  author={Weng, Chung-Yi and Curless, Brian and Kemelmacher-Shlizerman, Ira},
  booktitle=CVPR,
  year={2019}
}

%%
@inproceedings{blattmann2021ipoke,
  title={ipoke: Poking a still image for controlled stochastic video synthesis},
  author={Blattmann, Andreas and Milbich, Timo and Dorkenwald, Michael and Ommer, Bj{\"o}rn},
  booktitle=ICCV,
  year={2021}
}

@inproceedings{bertiche2023blowing,
  title={Blowing in the Wind: CycleNet for Human Cinemagraphs from Still Images},
  author={Bertiche, Hugo and Mitra, Niloy J and Kulkarni, Kuldeep and Huang, Chun-Hao P and Wang, Tuanfeng Y and Madadi, Meysam and Escalera, Sergio and Ceylan, Duygu},
  booktitle=CVPR,
  year={2023}
}

@inproceedings{mahapatra2022controllable,
  title={Controllable animation of fluid elements in still images},
  author={Mahapatra, Aniruddha and Kulkarni, Kuldeep},
  booktitle=CVPR,
  year={2022}
}

@article{geng2018warp,
  title={Warp-guided gans for single-photo facial animation},
  author={Geng, Jiahao and Shao, Tianjia and Zheng, Youyi and Weng, Yanlin and Zhou, Kun},
  journal=TOG,
  volume={37},
  number={6},
  pages={1--12},
  year={2018}
}

%%%%% video diffusion models
%% Early theoretical works 
@inproceedings{sohl2015deep,
  title={Deep unsupervised learning using nonequilibrium thermodynamics},
  author={Sohl-Dickstein, Jascha and Weiss, Eric and Maheswaranathan, Niru and Ganguli, Surya},
  booktitle=ICML,
  year={2015}
}

%DDPM
@inproceedings{song2021score,
  title={Score-Based Generative Modeling through Stochastic Differential Equations},
  author={Song, Yang and Sohl-Dickstein, Jascha and Kingma, Diederik P and Kumar, Abhishek and Ermon, Stefano and Poole, Ben},
  booktitle=ICLR,
  year={2021}
}

%% text to image diffusion model
%GLIDE
@inproceedings{nichol2022glide,
  title={GLIDE: Towards Photorealistic Image Generation and Editing with Text-Guided Diffusion Models},
  author={Nichol, Alexander Quinn and Dhariwal, Prafulla and Ramesh, Aditya and Shyam, Pranav and Mishkin, Pamela and Mcgrew, Bob and Sutskever, Ilya and Chen, Mark},
  booktitle=ICML,
  year={2022}
}

%Imagen
@inproceedings{gu2022vector,
  title={Vector quantized diffusion model for text-to-image synthesis},
  author={Gu, Shuyang and Chen, Dong and Bao, Jianmin and Wen, Fang and Zhang, Bo and Chen, Dongdong and Yuan, Lu and Guo, Baining},
  booktitle=CVPR,
  year={2022}
}

%%ediffi
@article{balaji2022ediffi,
  title={ediffi: Text-to-image diffusion models with an ensemble of expert denoisers},
  author={Balaji, Yogesh and Nah, Seungjun and Huang, Xun and Vahdat, Arash and Song, Jiaming and Kreis, Karsten and Aittala, Miika and Aila, Timo and Laine, Samuli and Catanzaro, Bryan and others},
  journal={arXiv preprint arXiv:2211.01324},
  year={2022}
}

%% text-image to video
@article{gu2023seer,
  title={Seer: Language Instructed Video Prediction with Latent Diffusion Models},
  author={Gu, Xianfan and Wen, Chuan and Song, Jiaming and Gao, Yang},
  journal={arXiv preprint arXiv:2303.14897},
  year={2023}
}

@misc{videocrafter,
  title         = {VideoCrafter},
  author = {VideoCrafter contributors},
  howpublished  = {\emph{Github}. Accessed October 15, 2023 [Online] \url{https://github.com/AILab-CVC/VideoCrafter}},
  url           = "https://github.com/AILab-CVC/VideoCrafter"
}


%% text-image-traj to video
@article{yin2023dragnuwa,
  title={{DragNUWA}: Fine-grained control in video generation by integrating text, image, and trajectory},
  author={Yin, Shengming and Wu, Chenfei and Liang, Jian and Shi, Jie and Li, Houqiang and Ming, Gong and Duan, Nan},
  journal={arXiv preprint arXiv:2308.08089},
  year={2023}
}

%% multiple conditional video generation
@article{I2VGen-XL,
  title = {{I2VGen-XL}: High-Quality Image-to-Video Synthesis via Cascaded Diffusion Models},
  author = {Shiwei Zhang and Jiayu Wang and Yingya Zhang and Kang Zhao and Hangjie Yuan and Zhiwu Qing and Xiang Wang and Deli Zhao and Jingren Zhou},
   journal={arXiv preprint arXiv:2311.04145},
   year={2023}
}

@article{xing2023make,
  title={Make-Your-Video: Customized Video Generation Using Textual and Structural Guidance},
  author={Xing, Jinbo and Xia, Menghan and Liu, Yuxin and Zhang, Yuechen and Zhang, Yong and He, Yingqing and Liu, Hanyuan and Chen, Haoxin and Cun, Xiaodong and Wang, Xintao and others},
  journal={arXiv preprint arXiv:2306.00943},
  year={2023}
}




%%%%%%%%%%%%%%%%%%%%%%%%%%%%%%%%%%%%%%%%%%%%%%%%%%
@inproceedings{ho2022video,
  title={Video diffusion models},
  author={Ho, Jonathan and Salimans, Tim and Gritsenko, Alexey and Chan, William and Norouzi, Mohammad and Fleet, David J},
  booktitle=NIPS,
  year={2022}
}

@article{ho2022imagenvideo,
  title={Imagen video: High definition video generation with diffusion models},
  author={Ho, Jonathan and Chan, William and Saharia, Chitwan and Whang, Jay and Gao, Ruiqi and Gritsenko, Alexey and Kingma, Diederik P and Poole, Ben and Norouzi, Mohammad and Fleet, David J and others},
  journal={arXiv preprint arXiv:2210.02303},
  year={2022}
}

@inproceedings{blattmann2023align,
  title={Align your Latents: High-Resolution Video Synthesis with Latent Diffusion Models},
  author={Blattmann, Andreas and Rombach, Robin and Ling, Huan and Dockhorn, Tim and Kim, Seung Wook and Fidler, Sanja and Kreis, Karsten},
  booktitle=CVPR,
  year={2023}
}

@inproceedings{yu2023magvit,
  title={{MAGVIT}: Masked generative video transformer},
  author={Yu, Lijun and Cheng, Yong and Sohn, Kihyuk and Lezama, Jos{\'e} and Zhang, Han and Chang, Huiwen and Hauptmann, Alexander G and Yang, Ming-Hsuan and Hao, Yuan and Essa, Irfan and others},
  booktitle=CVPR,
  year={2023}
}

@inproceedings{ge2023preserve,
  title={Preserve your own correlation: A noise prior for video diffusion models},
  author={Ge, Songwei and Nah, Seungjun and Liu, Guilin and Poon, Tyler and Tao, Andrew and Catanzaro, Bryan and Jacobs, David and Huang, Jia-Bin and Liu, Ming-Yu and Balaji, Yogesh},
  booktitle=ICCV,
  year={2023}
}

@article{wang2023lavie,
  title={LAVIE: High-Quality Video Generation with Cascaded Latent Diffusion Models},
  author={Wang, Yaohui and Chen, Xinyuan and Ma, Xin and Zhou, Shangchen and Huang, Ziqi and Wang, Yi and Yang, Ceyuan and He, Yinan and Yu, Jiashuo and Yang, Peiqing and others},
  journal={arXiv preprint arXiv:2309.15103},
  year={2023}
}

@misc{zhang2023show1,
      title={Show-1: Marrying Pixel and Latent Diffusion Models for Text-to-Video Generation}, 
      author={David Junhao Zhang and Jay Zhangjie Wu and Jia-Wei Liu and Rui Zhao and Lingmin Ran and Yuchao Gu and Difei Gao and Mike Zheng Shou},
      year={2023},
      eprint={2309.15818},
      archivePrefix={arXiv},
      primaryClass={cs.CV}
}

@misc{zhao2023motiondirector,
      title={MotionDirector: Motion Customization of Text-to-Video Diffusion Models}, 
      author={Rui Zhao and Yuchao Gu and Jay Zhangjie Wu and David Junhao Zhang and Jiawei Liu and Weijia Wu and Jussi Keppo and Mike Zheng Shou},
      year={2023},
      eprint={2310.08465},
      archivePrefix={arXiv},
      primaryClass={cs.CV}
}

@article{li2023videogen,
  title={VideoGen: A Reference-Guided Latent Diffusion Approach for High Definition Text-to-Video Generation},
  author={Li, Xin and Chu, Wenqing and Wu, Ye and Yuan, Weihang and Liu, Fanglong and Zhang, Qi and Li, Fu and Feng, Haocheng and Ding, Errui and Wang, Jingdong},
  journal={arXiv preprint arXiv:2309.00398},
  year={2023}
}

@inproceedings{villegas2023phenaki,
  title={Phenaki: Variable length video generation from open domain textual description},
  author={Villegas, Ruben and Babaeizadeh, Mohammad and Kindermans, Pieter-Jan and Moraldo, Hernan and Zhang, Han and Saffar, Mohammad Taghi and Castro, Santiago and Kunze, Julius and Erhan, Dumitru},
  booktitle=ICLR,
  year={2023}
}

@article{molad2023dreamix,
  title={Dreamix: Video diffusion models are general video editors},
  author={Molad, Eyal and Horwitz, Eliahu and Valevski, Dani and Acha, Alex Rav and Matias, Yossi and Pritch, Yael and Leviathan, Yaniv and Hoshen, Yedid},
  journal={arXiv preprint arXiv:2302.01329},
  year={2023}
}

%%%%%%%%%%%%%%video control

@article{ma2023follow,
  title={Follow Your Pose: Pose-Guided Text-to-Video Generation using Pose-Free Videos},
  author={Ma, Yue and He, Yingqing and Cun, Xiaodong and Wang, Xintao and Shan, Ying and Li, Xiu and Chen, Qifeng},
  journal={arXiv preprint arXiv:2304.01186},
  year={2023}
}

%%%%%%%%%%%%%%%%%%%%%%%%%%%%%%%%%%%%%%%%%%%%%%%%
@article{shi2023instancebooth,
  title={Instantbooth: Personalized text-to-image generation without test-time finetuning},
  author={Shi, Jing and Xiong, Wei and Lin, Zhe and Jung, Hyun Joon},
  journal={arXiv preprint arXiv:2304.03411},
  year={2023}
}

@article{ye2023ipadapter,
  title={IP-Adapter: Text Compatible Image Prompt Adapter for Text-to-Image Diffusion Models},
  author={Ye, Hu and Zhang, Jun and Liu, Sibo and Han, Xiao and Yang, Wei},
  journal={arXiv preprint arXiv:2308.06721},
  year={2023}
}

@inproceedings{sohldickstein2015deep,
  author       = {Jascha Sohl{-}Dickstein and
                  Eric A. Weiss and
                  Niru Maheswaranathan and
                  Surya Ganguli},
  title        = {Deep Unsupervised Learning using Nonequilibrium Thermodynamics},
  booktitle    = ICML,
  year         = {2015}
}



@inproceedings{song2021denoising,
  title={Denoising diffusion implicit models},
  author={Song, Jiaming and Meng, Chenlin and Ermon, Stefano},
  booktitle=ICLR,
  year={2021}
}

@article{ho2022classifier,
  title={Classifier-free diffusion guidance},
  author={Ho, Jonathan and Salimans, Tim},
  journal={arXiv preprint arXiv:2207.12598},
  year={2022}
}

@article{zhang2023real,
  title={Real-World Image Variation by Aligning Diffusion Inversion Chain},
  author={Zhang, Yuechen and Xing, Jinbo and Lo, Eric and Jia, Jiaya},
  journal={arXiv preprint arXiv:2305.18729},
  year={2023}
}

@article{song2020denoising,
  title={Denoising diffusion implicit models},
  author={Song, Jiaming and Meng, Chenlin and Ermon, Stefano},
  journal={arXiv preprint arXiv:2010.02502},
  year={2020}
}

@article{chen2023pixart,
  title={PixArt-$\alpha$: Fast Training of Diffusion Transformer for Photorealistic Text-to-Image Synthesis},
  author={Chen, Junsong and Yu, Jincheng and Ge, Chongjian and Yao, Lewei and Xie, Enze and Wu, Yue and Wang, Zhongdao and Kwok, James and Luo, Ping and Lu, Huchuan and others},
  journal={arXiv preprint arXiv:2310.00426},
  year={2023}
}

@article{dai2023emu,
  title={Emu: Enhancing Image Generation Models Using Photogenic Needles in a Haystack},
  author={Dai, Xiaoliang and Hou, Ji and Ma, Chih-Yao and Tsai, Sam and Wang, Jialiang and Wang, Rui and Zhang, Peizhao and Vandenhende, Simon and Wang, Xiaofang and Dubey, Abhimanyu and others},
  journal={arXiv preprint arXiv:2309.15807},
  year={2023}
}

@inproceedings{gafni2022make,
  title={Make-a-scene: Scene-based text-to-image generation with human priors},
  author={Gafni, Oran and Polyak, Adam and Ashual, Oron and Sheynin, Shelly and Parikh, Devi and Taigman, Yaniv},
  booktitle=ECCV,
  pages={89--106},
  year={2022},
  organization={Springer}
}

@article{yu2022scaling,
  title={Scaling autoregressive models for content-rich text-to-image generation},
  author={Yu, Jiahui and Xu, Yuanzhong and Koh, Jing Yu and Luong, Thang and Baid, Gunjan and Wang, Zirui and Vasudevan, Vijay and Ku, Alexander and Yang, Yinfei and Ayan, Burcu Karagol and others},
  journal={arXiv preprint arXiv:2206.10789},
  volume={2},
  number={3},
  pages={5},
  year={2022},
  publisher={Jun}
}

@article{chang2023muse,
  title={Muse: Text-to-image generation via masked generative transformers},
  author={Chang, Huiwen and Zhang, Han and Barber, Jarred and Maschinot, AJ and Lezama, Jose and Jiang, Lu and Yang, Ming-Hsuan and Murphy, Kevin and Freeman, William T and Rubinstein, Michael and others},
  journal={arXiv preprint arXiv:2301.00704},
  year={2023}
}

@inproceedings{chen2023diffusiondet,
  title={Diffusiondet: Diffusion model for object detection},
  author={Chen, Shoufa and Sun, Peize and Song, Yibing and Luo, Ping},
  booktitle=ICCV,
  pages={19830--19843},
  year={2023}
}

@article{nguyen2023diffusion,
  title={Diffusion in the Dark: A Diffusion Model for Low-Light Text Recognition},
  author={Nguyen, Cindy M and Chan, Eric R and Bergman, Alexander W and Wetzstein, Gordon},
  journal={arXiv preprint arXiv:2303.04291},
  year={2023}
}


@misc{IF2023,
  title         = {IF},
  howpublished  = { Accessed October 22, 2023 [Online] \url{https://github.com/deep-floyd/IF}},
  url        = "https://modelscope.cn/models/damo/Image-to-Video/summary"
}

@misc{Gen2,
  author = {Runway},
  title         = {Gen-2: The Next Step Forward for Generative AI.},
  howpublished  = { Accessed October 22, 2023 [Online] \url{https://research.runwayml.com/gen2}},
  url        = "https://research.runwayml.com/gen2",
  year ={2023}
}

@misc{moonvalley,
  title         = {Moonvalley},
  howpublished  = { Accessed October 22, 2023 [Online] \url{https://moonvalley.ai/}},
  url        = "https://moonvalley.ai/"
}

@misc{pikalab,
  title         = {Pika Labs},
  howpublished  = { Accessed October 22, 2023 [Online] \url{https://www.pika.art/}},
  url        = "https://www.pika.art/"
}


@misc{hotshotxl,
  title         = {Hotshot-XL},
  howpublished  = { Accessed October 22, 2023 [Online] \url{https://github.com/hotshotco/Hotshot-XL}},
  url        = "https://github.com/hotshotco/Hotshot-XL"
}

@misc{zeroscope,
  title         = {Zeroscope-XL},
  howpublished  = { Accessed October 22, 2023 [Online] \url{https://huggingface.co/cerspense/zeroscope_v2_XL}},
  url        = "https://huggingface.co/cerspense/zeroscope_v2_XL"
}



@misc{LAION-COCO,
  title         = {LAION-COCO},
  howpublished  = { Accessed October 22, 2023 [Online] \url{https://laion.ai/blog/laion-coco/}},
  url        = "https://laion.ai/blog/laion-coco/"
}


@article{guo2023animatediff,
  title={Animatediff: Animate your personalized text-to-image diffusion models without specific tuning},
  author={Guo, Yuwei and Yang, Ceyuan and Rao, Anyi and Wang, Yaohui and Qiao, Yu and Lin, Dahua and Dai, Bo},
  journal={arXiv preprint arXiv:2307.04725},
  year={2023}
}

@InProceedings{Bain21,
  author       = "Max Bain and Arsha Nagrani and G{\"u}l Varol and Andrew Zisserman",
  title        = "Frozen in Time: A Joint Video and Image Encoder for End-to-End Retrieval",
  booktitle    = ICCV,
  year         = "2021",
}

@inproceedings{cherti2023reproducible,
  title={Reproducible scaling laws for contrastive language-image learning},
  author={Cherti, Mehdi and Beaumont, Romain and Wightman, Ross and Wortsman, Mitchell and Ilharco, Gabriel and Gordon, Cade and Schuhmann, Christoph and Schmidt, Ludwig and Jitsev, Jenia},
  booktitle=CVPR,
  pages={2818--2829},
  year={2023}
}

@article{ye2023ip-adapter,
  title={IP-Adapter: Text Compatible Image Prompt Adapter for Text-to-Image Diffusion Models},
  author={Ye, Hu and Zhang, Jun and Liu, Sibo and Han, Xiao and Yang, Wei},
  journal={arXiv preprint arXiv:2308.06721},
  year={2023}
}

@misc{liu2023evalcrafter,
      title={EvalCrafter: Benchmarking and Evaluating Large Video Generation Models}, 
      author={Yaofang Liu and Xiaodong Cun and Xuebo Liu and Xintao Wang and Yong Zhang and Haoxin Chen and Yang Liu and Tieyong Zeng and Raymond Chan and Ying Shan},
      year={2023},
      eprint={2310.11440},
      archivePrefix={arXiv},
      primaryClass={cs.CV}
}

@article{he2023scalecrafter,
  title={ScaleCrafter: Tuning-free Higher-Resolution Visual Generation with Diffusion Models},
  author={He, Yingqing and Yang, Shaoshu and Chen, Haoxin and Cun, Xiaodong and Xia, Menghan and Zhang, Yong and Wang, Xintao and He, Ran and Chen, Qifeng and Shan, Ying},
  journal={arXiv preprint arXiv:2310.07702},
  year={2023}
}

@article{Karazija2023DiffusionMF,
  title={Diffusion Models for Zero-Shot Open-Vocabulary Segmentation},
  author={Laurynas Karazija and Iro Laina and Andrea Vedaldi and C. Rupprecht},
  journal={arXiv},
  year={2023},
  volume={abs/2306.09316},
  url={https://api.semanticscholar.org/CorpusID:259171746}
}

@inproceedings{Li2023OpenvocabularyOS,
  title={Open-vocabulary Object Segmentation with Diffusion Models},
  author={Ziyi Li and Qinye Zhou and Xiaoyun Zhang and Ya Zhang and Yanfeng Wang and Weidi Xie},
  year={2023},
  url={https://api.semanticscholar.org/CorpusID:255749299}
}



@inproceedings{siarohin2019animating,
  title={Animating arbitrary objects via deep motion transfer},
  author={Siarohin, Aliaksandr and Lathuili{\`e}re, St{\'e}phane and Tulyakov, Sergey and Ricci, Elisa and Sebe, Nicu},
  booktitle=CVPR,
  year={2019}
}

@inproceedings{dorkenwald2021stochastic,
  title={Stochastic image-to-video synthesis using cinns},
  author={Dorkenwald, Michael and Milbich, Timo and Blattmann, Andreas and Rombach, Robin and Derpanis, Konstantinos G and Ommer, Bjorn},
  booktitle=CVPR,
  year={2021}
}

@inproceedings{siarohin2019first,
  title={First order motion model for image animation},
  author={Siarohin, Aliaksandr and Lathuili{\`e}re, St{\'e}phane and Tulyakov, Sergey and Ricci, Elisa and Sebe, Nicu},
  booktitle=NIPS,
  year={2019}
}

@inproceedings{zhao2022thin,
  title={Thin-plate spline motion model for image animation},
  author={Zhao, Jian and Zhang, Hui},
  booktitle=CVPR,
  year={2022}
}

@inproceedings{babaeizadeh2018stochastic,
  title={Stochastic variational video prediction},
  author={Babaeizadeh, Mohammad and Finn, Chelsea and Erhan, Dumitru and Campbell, Roy and Levine, Sergey},
  booktitle=ICLR,
  year={2018}
}

@inproceedings{mallya2022implicit,
  title={Implicit warping for animation with image sets},
  author={Mallya, Arun and Wang, Ting-Chun and Liu, Ming-Yu},
  booktitle=NIPS,
  year={2022}
}

%%

%% video prediction
@inproceedings{voleti2022mcvd,
  title={MCVD-masked conditional video diffusion for prediction, generation, and interpolation},
  author={Voleti, Vikram and Jolicoeur-Martineau, Alexia and Pal, Chris},
  booktitle=NIPS,
  year={2022}
}

%% video prediction
@inproceedings{hu2023dynamic,
  title={A dynamic multi-scale voxel flow network for video prediction},
  author={Hu, Xiaotao and Huang, Zhewei and Huang, Ailin and Xu, Jun and Zhou, Shuchang},
  booktitle=CVPR,
  year={2023}
}

%%video prediction
@article{lee2018stochastic,
  title={Stochastic adversarial video prediction},
  author={Lee, Alex X and Zhang, Richard and Ebert, Frederik and Abbeel, Pieter and Finn, Chelsea and Levine, Sergey},
  journal={arXiv preprint arXiv:1804.01523},
  year={2018}
}

%%video prediction
@article{hoppe2022diffusion,
  title={Diffusion Models for Video Prediction and Infilling},
  author={H{\"o}ppe, Tobias and Mehrjou, Arash and Bauer, Stefan and Nielsen, Didrik and Dittadi, Andrea},
  journal=TMLR,
  year={2022}
}

%%video prediction
@inproceedings{franceschi2020stochastic,
  title={Stochastic latent residual video prediction},
  author={Franceschi, Jean-Yves and Delasalles, Edouard and Chen, Micka{\"e}l and Lamprier, Sylvain and Gallinari, Patrick},
  booktitle=ICML,
  year={2020}
}

%%video prediction
@inproceedings{zhang2020dtvnet,
  title={Dtvnet: Dynamic time-lapse video generation via single still image},
  author={Zhang, Jiangning and Xu, Chao and Liu, Liang and Wang, Mengmeng and Wu, Xia and Liu, Yong and Jiang, Yunliang},
  booktitle=ECCV,
  year={2020},
}

%%prediction
@inproceedings{li2018flow,
  title={Flow-grounded spatial-temporal video prediction from still images},
  author={Li, Yijun and Fang, Chen and Yang, Jimei and Wang, Zhaowen and Lu, Xin and Yang, Ming-Hsuan},
  booktitle=ECCV,
  year={2018}
}

@inproceedings{xue2016visual,
  title={Visual dynamics: Probabilistic future frame synthesis via cross convolutional networks},
  author={Xue, Tianfan and Wu, Jiajun and Bouman, Katherine and Freeman, Bill},
  booktitle=NIPS,
  year={2016}
}

%% traj control
@inproceedings{hao2018controllable,
  title={Controllable video generation with sparse trajectories},
  author={Hao, Zekun and Huang, Xun and Belongie, Serge},
  booktitle=CVPR,
  year={2018}
}

%%%%%%%GAN
@inproceedings{hinz2021improved,
  title={Improved techniques for training single-image gans},
  author={Hinz, Tobias and Fisher, Matthew and Wang, Oliver and Wermter, Stefan},
  booktitle=WACV,
  year={2021}
}

@inproceedings{karras2020analyzing,
  title={Analyzing and improving the image quality of stylegan},
  author={Karras, Tero and Laine, Samuli and Aittala, Miika and Hellsten, Janne and Lehtinen, Jaakko and Aila, Timo},
  booktitle=CVPR,
  year={2020}
}


%%%%%%%%%%%
@article{xue2018visual,
  title={Visual dynamics: Stochastic future generation via layered cross convolutional networks},
  author={Xue, Tianfan and Wu, Jiajun and Bouman, Katherine L and Freeman, William T},
  journal=PAMI,
  volume={41},
  number={9},
  pages={2236--2250},
  year={2018}
}

%%
@inproceedings{blattmann2021ipoke,
  title={ipoke: Poking a still image for controlled stochastic video synthesis},
  author={Blattmann, Andreas and Milbich, Timo and Dorkenwald, Michael and Ommer, Bj{\"o}rn},
  booktitle=ICCV,
  year={2021}
}

@inproceedings{Li20233DCF,
  author       = {Xingyi Li and
                  Zhiguo Cao and
                  Huiqiang Sun and
                  Jianming Zhang and
                  Ke Xian and
                  Guosheng Lin},
  title        = {3D Cinemagraphy from a Single Image},
  booktitle    = CVPR,
  pages        = {4595--4605},
  publisher    = {{IEEE}},
  year         = {2023},
  url          = {https://doi.org/10.1109/CVPR52729.2023.00446},
  doi          = {10.1109/CVPR52729.2023.00446},
  timestamp    = {Sun, 04 Aug 2024 19:38:13 +0200},
  biburl       = {https://dblp.org/rec/conf/cvpr/Li0S0XL23.bib},
  bibsource    = {dblp computer science bibliography, https://dblp.org}
}

@article{Mahapatra2023SynthesizingAC,
  title={Synthesizing Artistic Cinemagraphs from Text},
  author={Aniruddha Mahapatra and Aliaksandr Siarohin and Hsin-Ying Lee and S. Tulyakov and Jun-Yan Zhu},
  journal={arXiv},
  year={2023},
  volume={abs/2307.03190},
  url={https://api.semanticscholar.org/CorpusID:263866102}
}


@inproceedings{xue2022hdvila,
    title={Advancing High-Resolution Video-Language Representation with Large-Scale Video Transcriptions},
    author={Xue, Hongwei and Hang, Tiankai and Zeng, Yanhong and Sun, Yuchong and Liu, Bei and Yang, Huan and Fu, Jianlong and Guo, Baining},
    booktitle=CVPR,
    year={2022}
}

@inproceedings{DBLP:conf/iclr/LoshchilovH19,
  author    = {Ilya Loshchilov and
               Frank Hutter},
  title     = {Decoupled Weight Decay Regularization},
  booktitle = ICLR,
  year      = {2019},
}


@article{DBLP:journals/corr/abs-2311-04145,
  author       = {Shiwei Zhang and
                  Jiayu Wang and
                  Yingya Zhang and
                  Kang Zhao and
                  Hangjie Yuan and
                  Zhiwu Qin and
                  Xiang Wang and
                  Deli Zhao and
                  Jingren Zhou},
  title        = {{I2VGen-XL}: High-Quality Image-to-Video Synthesis via Cascaded Diffusion
                  Models},
   journal={arXiv preprint arXiv:2311.04145},
  year={2023}
}


@article{DBLP:journals/corr/abs-2311-15127,
  author       = {Andreas Blattmann and
                  Tim Dockhorn and
                  Sumith Kulal and
                  Daniel Mendelevitch and
                  Maciej Kilian and
                  Dominik Lorenz and
                  Yam Levi and
                  Zion English and
                  Vikram Voleti and
                  Adam Letts and
                  Varun Jampani and
                  Robin Rombach},
  title        = {Stable Video Diffusion: Scaling Latent Video Diffusion Models to Large
                  Datasets},
  journal={arXiv preprint arXiv:2311.15127},
  year         = {2023},
}

@article{DBLP:journals/corr/abs-2309-15103,
  author       = {Yaohui Wang and
                  Xinyuan Chen and
                  Xin Ma and
                  Shangchen Zhou and
                  Ziqi Huang and
                  Yi Wang and
                  Ceyuan Yang and
                  Yinan He and
                  Jiashuo Yu and
                  Peiqing Yang and
                  Yuwei Guo and
                  Tianxing Wu and
                  Chenyang Si and
                  Yuming Jiang and
                  Cunjian Chen and
                  Chen Change Loy and
                  Bo Dai and
                  Dahua Lin and
                  Yu Qiao and
                  Ziwei Liu},
  title        = {{LAVIE}: High-Quality Video Generation with Cascaded Latent Diffusion
                  Models},
 journal={arXiv preprint arXiv:2309.15103},
  year         = {2023},
}

@article{DBLP:journals/corr/abs-2310-12190,
  author       = {Jinbo Xing and
                  Menghan Xia and
                  Yong Zhang and
                  Haoxin Chen and
                  Xintao Wang and
                  Tien{-}Tsin Wong and
                  Ying Shan},
  title        = {DynamiCrafter: Animating Open-domain Images with Video Diffusion Priors},
  journal      = {arXiv preprint arXiv:2310.12190},
  year         = {2023},
}

@inproceedings{DBLP:conf/icml/RajbhandariLYZA22,
  author       = {Samyam Rajbhandari and
                  Conglong Li and
                  Zhewei Yao and
                  Minjia Zhang and
                  Reza Yazdani Aminabadi and
                  Ammar Ahmad Awan and
                  Jeff Rasley and
                  Yuxiong He},
  title        = {DeepSpeed-MoE: Advancing Mixture-of-Experts Inference and Training
                  to Power Next-Generation {AI} Scale},
  booktitle    = ICML,
  volume       = {162},
  pages        = {18332--18346},
  year         = {2022},
}

@article{DBLP:journals/corr/abs-2311-17041,
  author       = {Keunwoo Peter Yu and
                  Zheyuan Zhang and
                  Fengyuan Hu and
                  Joyce Chai},
  title        = {Efficient In-Context Learning in Vision-Language Models for Egocentric
                  Videos},
  journal      = {arXiv preprint arXiv:2311.17041},
  year         = {2023},
}

@inproceedings{DBLP:journals/corr/abs-2401-00896,
  author       = {Wan{-}Duo Kurt Ma and
                  John P. Lewis and
                  W. Bastiaan Kleijn},
  editor       = {Takeo Igarashi and
                  Ariel Shamir and
                  Hao (Richard) Zhang},
  title        = {TrailBlazer: Trajectory Control for Diffusion-Based Video Generation},
  booktitle    = {{SIGGRAPH} Asia},
  pages        = {97:1--97:11},
  publisher    = {{ACM}},
  year         = {2024},
  url          = {https://doi.org/10.1145/3680528.3687652},
  doi          = {10.1145/3680528.3687652},
  timestamp    = {Sun, 22 Dec 2024 15:48:08 +0100},
  biburl       = {https://dblp.org/rec/conf/siggrapha/MaLK24.bib},
  bibsource    = {dblp computer science bibliography, https://dblp.org}
}

@inproceedings{Karras2023DreamPoseFI,
  author       = {Johanna Karras and
                  Aleksander Holynski and
                  Ting{-}Chun Wang and
                  Ira Kemelmacher{-}Shlizerman},
  title        = {DreamPose: Fashion Image-to-Video Synthesis via Stable Diffusion},
  booktitle    = ICCV,
  pages        = {22623--22633},
  publisher    = {{IEEE}},
  year         = {2023},
  url          = {https://doi.org/10.1109/ICCV51070.2023.02073},
  doi          = {10.1109/ICCV51070.2023.02073},
  timestamp    = {Tue, 23 Jan 2024 14:28:01 +0100},
  biburl       = {https://dblp.org/rec/conf/iccv/KarrasHWK23.bib},
  bibsource    = {dblp computer science bibliography, https://dblp.org}
}

@article{gu2023reuse,
  title={Reuse and diffuse: Iterative denoising for text-to-video generation},
  author={Gu, Jiaxi and Wang, Shicong and Zhao, Haoyu and Lu, Tianyi and Zhang, Xing and Wu, Zuxuan and Xu, Songcen and Zhang, Wei and Jiang, Yu-Gang and Xu, Hang},
  journal={arXiv preprint arXiv:2309.03549},
  year={2023}
}

@article{zeng2023dance,
  title={Make pixels dance: High-dynamic video generation},
  author={Yan Zeng, Guoqiang Wei, Jiani Zheng, Jiaxin Zou, Yang Wei, Yuchen Zhang, Hang Li},
  journal={arXiv:2311.10982 },
  year={2023}
}

@article{DBLP:journals/corr/abs-1212-0402,
  author       = {Khurram Soomro and
                  Amir Roshan Zamir and
                  Mubarak Shah},
  title        = {{UCF101}: {A} Dataset of 101 Human Actions Classes From Videos in
                  The Wild},
  journal={arXiv preprint arXiv:1212.0402},
  year         = {2012},
  url          = {http://arxiv.org/abs/1212.0402},
  eprinttype    = {arXiv},
  eprint       = {1212.0402},
}

@inproceedings{xu2024magic,
  title={MagicAnimate: Temporally Consistent Human Image Animation using Diffusion Model},
  author={Zhongcong Xu, Jianfeng Zhang, Jun Hao Liew, Hanshu Yan, Jia-Wei Liu, Chenxu Zhang, Jiashi Feng, Mike Zheng Shou},
  booktitle=CVPR,
  year={2024}
}

@article{Thomas2018fvd,
  title={Towards Accurate Generative Models of Video: A New Metric \& Challenges},
  author={Thomas Unterthiner and Sjoerd van Steenkiste and Karol Kurach and Raphael Marinier and Marcin Michalski and Sylvain Gelly},
  journal={arXiv preprint arXiv:1812.01717},
  year={2018}
}

@article{DBLP:journals/ijcv/SaitoSKK20,
  author       = {Masaki Saito and
                  Shunta Saito and
                  Masanori Koyama and
                  Sosuke Kobayashi},
  title        = {Train Sparsely, Generate Densely: Memory-Efficient Unsupervised Training
                  of High-Resolution Temporal {GAN}},
  journal      = IJCV,
  volume       = {128},
  number       = {10},
  pages        = {2586--2606},
  year         = {2020},
}

@article{1984The,
  title={The Interpretation of Correlation Coefficients},
  author={ Williams, R. B. G. },
  journal={Macmillan Education UK},
  year={1984},
}

@article{zhang2023pia,
  title={Pia: Your personalized image animator via plug-and-play modules in text-to-image models},
  author={Zhang, Yiming and Xing, Zhening and Zeng, Yanhong and Fang, Youqing and Chen, Kai},
  journal={arXiv preprint arXiv:2312.13964},
  year={2023}
}


@article{opensora,
  author       = {Zangwei Zheng and
                  Xiangyu Peng and
                  Tianji Yang and
                  Chenhui Shen and
                  Shenggui Li and
                  Hongxin Liu and
                  Yukun Zhou and
                  Tianyi Li and
                  Yang You},
  title        = {{Open-Sora}: Democratizing Efficient Video Production for All},
  journal      = {arXiv preprint arXiv:2412.20404},
  year         = {2024},
  url          = {https://doi.org/10.48550/arXiv.2412.20404},
  doi          = {10.48550/ARXIV.2412.20404},
  eprinttype    = {arXiv},
  eprint       = {2412.20404},
  timestamp    = {Sat, 25 Jan 2025 22:09:27 +0100},
  biburl       = {https://dblp.org/rec/journals/corr/abs-2412-20404.bib},
  bibsource    = {dblp computer science bibliography, https://dblp.org}
}

@software{mixkit,
author = {Elements Envato},
year = {2024},
title = {Mixkit: Free assets for your next video project},
url = {https://mixkit.co},
howpublished  = { \url{https://mixkit.co}},
}

@inproceedings{DBLP:journals/corr/abs-2310-05737,
  author       = {Lijun Yu and
                  Jos{\'{e}} Lezama and
                  Nitesh Bharadwaj Gundavarapu and
                  Luca Versari and
                  Kihyuk Sohn and
                  David Minnen and
                  Yong Cheng and
                  Agrim Gupta and
                  Xiuye Gu and
                  Alexander G. Hauptmann and
                  Boqing Gong and
                  Ming{-}Hsuan Yang and
                  Irfan Essa and
                  David A. Ross and
                  Lu Jiang},
  title        = {Language Model Beats Diffusion - Tokenizer is key to visual generation},
  booktitle    = ICLR,
  publisher    = {OpenReview.net},
  year         = {2024},
  url          = {https://openreview.net/forum?id=gzqrANCF4g},
  timestamp    = {Wed, 07 Aug 2024 17:11:53 +0200},
  biburl       = {https://dblp.org/rec/conf/iclr/YuLGVSMCGGHG0ER24.bib},
  bibsource    = {dblp computer science bibliography, https://dblp.org}
}

@inproceedings{DBLP:conf/aaai/PerezSVDC18,
  author       = {Ethan Perez and
                  Florian Strub and
                  Harm de Vries and
                  Vincent Dumoulin and
                  Aaron C. Courville},
  title        = {FiLM: Visual Reasoning with a General Conditioning Layer},
  booktitle    = AAAI,
  pages        = {3942--3951},
  year         = {2018},
}

@article{DBLP:journals/pami/XuZCRYTG23,
  author       = {Haofei Xu and
                  Jing Zhang and
                  Jianfei Cai and
                  Hamid Rezatofighi and
                  Fisher Yu and
                  Dacheng Tao and
                  Andreas Geiger},
  title        = {Unifying Flow, Stereo and Depth Estimation},
  journal      = PAMI,
  volume       = {45},
  number       = {11},
  pages        = {13941--13958},
  year         = {2023},
}



@inproceedings{DBLP:conf/aaai/MouWXW0QS24,
  author       = {Chong Mou and
                  Xintao Wang and
                  Liangbin Xie and
                  Yanze Wu and
                  Jian Zhang and
                  Zhongang Qi and
                  Ying Shan},
  editor       = {Michael J. Wooldridge and
                  Jennifer G. Dy and
                  Sriraam Natarajan},
  title        = {{T2I-Adapter}: Learning Adapters to Dig Out More Controllable Ability
                  for Text-to-Image Diffusion Models},
  booktitle    = AAAI,
  pages        = {4296--4304},
  publisher    = {{AAAI} Press},
  year         = {2024},
  url          = {https://doi.org/10.1609/aaai.v38i5.28226},
  doi          = {10.1609/AAAI.V38I5.28226},
  timestamp    = {Tue, 02 Apr 2024 16:32:08 +0200},
  biburl       = {https://dblp.org/rec/conf/aaai/MouWXW0QS24.bib},
  bibsource    = {dblp computer science bibliography, https://dblp.org}
}


@article{DBLP:journals/corr/abs-2401-12945,
  author       = {Omer Bar{-}Tal and
                  Hila Chefer and
                  Omer Tov and
                  Charles Herrmann and
                  Roni Paiss and
                  Shiran Zada and
                  Ariel Ephrat and
                  Junhwa Hur and
                  Yuanzhen Li and
                  Tomer Michaeli and
                  Oliver Wang and
                  Deqing Sun and
                  Tali Dekel and
                  Inbar Mosseri},
  title        = {Lumiere: {A} Space-Time Diffusion Model for Video Generation},
  journal={arXiv preprint arXiv:2401.12945},
  year         = {2024},
}

@article{DBLP:journals/corr/abs-2405-04233,
  author       = {Fan Bao and
                  Chendong Xiang and
                  Gang Yue and
                  Guande He and
                  Hongzhou Zhu and
                  Kaiwen Zheng and
                  Min Zhao and
                  Shilong Liu and
                  Yaole Wang and
                  Jun Zhu},
  title        = {Vidu: a Highly Consistent, Dynamic and Skilled Text-to-Video Generator
                  with Diffusion Models},
  journal={arXiv preprint arXiv:2405.04233},
  year         = {2024},
}

@inproceedings{wang2024tf,
  title={A Recipe for Scaling up Text-to-Video Generation with Text-free Videos},
  author={Xiang Wang and
                  Shiwei Zhang and
                  Hangjie Yuan and
                  Zhiwu Qing and
                  Biao Gong and
                  Yingya Zhang and
                  Yujun Shen and
                  Changxin Gao and
                  Nong Sang},
  booktitle=CVPR,
  year={2024}
}


@inproceedings{DBLP:journals/corr/abs-2310-08465,
  author       = {Rui Zhao and
                  Yuchao Gu and
                  Jay Zhangjie Wu and
                  David Junhao Zhang and
                  Jia{-}Wei Liu and
                  Weijia Wu and
                  Jussi Keppo and
                  Mike Zheng Shou},
  editor       = {Ales Leonardis and
                  Elisa Ricci and
                  Stefan Roth and
                  Olga Russakovsky and
                  Torsten Sattler and
                  G{\"{u}}l Varol},
  title        = {{MotionDirector}: Motion Customization of Text-to-Video Diffusion Models},
  booktitle    = ECCV,
  series       = {Lecture Notes in Computer Science},
  volume       = {15114},
  pages        = {273--290},
  publisher    = {Springer},
  year         = {2024},
  url          = {https://doi.org/10.1007/978-3-031-72992-8\_16},
  doi          = {10.1007/978-3-031-72992-8\_16},
  timestamp    = {Fri, 15 Nov 2024 07:55:45 +0100},
  biburl       = {https://dblp.org/rec/conf/eccv/ZhaoGWZLWKS24.bib},
  bibsource    = {dblp computer science bibliography, https://dblp.org}
}

@inproceedings{jeong2024vmc,
  author       = {Hyeonho Jeong and
                  Geon Yeong Park and
                  Jong Chul Ye},
  title        = {{VMC}: Video Motion Customization Using Temporal Attention Adaption
                  for Text-to-Video Diffusion Models},
  booktitle    = CVPR,
  pages        = {9212--9221},
  publisher    = {{IEEE}},
  year         = {2024},
  url          = {https://doi.org/10.1109/CVPR52733.2024.00880},
  doi          = {10.1109/CVPR52733.2024.00880},
  timestamp    = {Sun, 19 Jan 2025 13:39:05 +0100},
  biburl       = {https://dblp.org/rec/conf/cvpr/JeongPY24.bib},
  bibsource    = {dblp computer science bibliography, https://dblp.org}
}

@article{DBLP:journals/corr/abs-2311-12886,
  author       = {Zuozhuo Dai and
                  Zhenghao Zhang and
                  Yao Yao and
                  Bingxue Qiu and
                  Siyu Zhu and
                  Long Qin and
                  Weizhi Wang},
  title        = {Fine-Grained Open Domain Image Animation with Motion Guidance},
  journal={arXiv preprint arXiv:2311.12886},
  year         = {2023},
}

@inproceedings{wang2024motionctrl,
  title={{MotionCtrl}: A Unified and Flexible Motion Controller for Video Generation},
  author={Wang, Zhouxia and Yuan, Ziyang and Wang, Xintao and Chen, Tianshui and Xia, Menghan and Luo, Ping and Shan, Yin},
  booktitle={SIGGRAPH},
  year={2024}
}

@inproceedings{DBLP:conf/nips/VaswaniSPUJGKP17,
  author       = {Ashish Vaswani and
                  Noam Shazeer and
                  Niki Parmar and
                  Jakob Uszkoreit and
                  Llion Jones and
                  Aidan N. Gomez and
                  Lukasz Kaiser and
                  Illia Polosukhin},
  title        = {Attention is All you Need},
  booktitle    = NIPS,
  pages        = {5998--6008},
  year         = {2017},
}

@inproceedings{DBLP:journals/corr/abs-2307-01952,
  author       = {Dustin Podell and
                  Zion English and
                  Kyle Lacey and
                  Andreas Blattmann and
                  Tim Dockhorn and
                  Jonas M{\"{u}}ller and
                  Joe Penna and
                  Robin Rombach},
  title        = {{SDXL}: Improving Latent Diffusion Models for High-Resolution Image
                  Synthesis},
  booktitle    = ICLR,
  publisher    = {OpenReview.net},
  year         = {2024},
  url          = {https://openreview.net/forum?id=di52zR8xgf},
  timestamp    = {Mon, 29 Jul 2024 17:17:48 +0200},
  biburl       = {https://dblp.org/rec/conf/iclr/PodellELBDMPR24.bib},
  bibsource    = {dblp computer science bibliography, https://dblp.org}
}

@article{DBLP:journals/corr/abs-2404-16994,
  author       = {Lin Xu and
                  Yilin Zhao and
                  Daquan Zhou and
                  Zhijie Lin and
                  See{-}Kiong Ng and
                  Jiashi Feng},
  title        = {{PLLaVA} : Parameter-free {LLaVA} Extension from Images to Videos for
                  Video Dense Captioning},
  journal={arXiv preprint arXiv:2404.16994},
  year         = {2024},
}

@inproceedings{DBLP:conf/nips/HeuselRUNH17,
  author       = {Martin Heusel and
                  Hubert Ramsauer and
                  Thomas Unterthiner and
                  Bernhard Nessler and
                  Sepp Hochreiter},
  title        = {GANs Trained by a Two Time-Scale Update Rule Converge to a Local Nash
                  Equilibrium},
  booktitle    = NIPS,
  pages        = {6626--6637},
  year         = {2017},
}

@inproceedings{DBLP:journals/corr/KingmaB14,
  author       = {Diederik P. Kingma and
                  Jimmy Ba},
  editor       = {Yoshua Bengio and
                  Yann LeCun},
  title        = {Adam: {A} Method for Stochastic Optimization},
  booktitle    = ICLR,
  year         = {2015},
  url          = {http://arxiv.org/abs/1412.6980},
  timestamp    = {Thu, 25 Jul 2019 14:25:37 +0200},
  biburl       = {https://dblp.org/rec/journals/corr/KingmaB14.bib},
  bibsource    = {dblp computer science bibliography, https://dblp.org}
}

@inproceedings{DBLP:journals/corr/abs-2402-19479,
  author       = {Tsai{-}Shien Chen and
                  Aliaksandr Siarohin and
                  Willi Menapace and
                  Ekaterina Deyneka and
                  Hsiang{-}wei Chao and
                  Byung Eun Jeon and
                  Yuwei Fang and
                  Hsin{-}Ying Lee and
                  Jian Ren and
                  Ming{-}Hsuan Yang and
                  Sergey Tulyakov},
  title        = {{Panda-70M}: Captioning {70M} Videos with Multiple Cross-Modality Teachers},
  booktitle    = CVPR,
  pages        = {13320--13331},
  publisher    = {{IEEE}},
  year         = {2024},
  url          = {https://doi.org/10.1109/CVPR52733.2024.01265},
  doi          = {10.1109/CVPR52733.2024.01265},
  timestamp    = {Sun, 19 Jan 2025 13:39:05 +0100},
  biburl       = {https://dblp.org/rec/conf/cvpr/ChenSMDCJF0RYT24.bib},
  bibsource    = {dblp computer science bibliography, https://dblp.org}
}

@inproceedings{DBLP:conf/eccv/ZhaoLGWL22,
  author       = {Wang Zhao and
                  Shaohui Liu and
                  Hengkai Guo and
                  Wenping Wang and
                  Yong{-}Jin Liu},
  title        = {{ParticleSfM}: Exploiting Dense Point Trajectories for Localizing Moving
                  Cameras in the Wild},
  booktitle    = ECCV,
  volume       = {13692},
  pages        = {523--542},
  year         = {2022},
}

@misc{yt2021,
  author       = "Linjie Yang and Yuchen Fan and Yang Fu and Ning Xu",
  title        = "The 3rd Large-scale Video Object Segmentation Challenge - video instance segmentation track",
  month        = jun,
  year         = "2021",
}

@article{qi2022occluded,
  title={Occluded video instance segmentation: A benchmark},
  author={Qi, Jiyang and Gao, Yan and Hu, Yao and Wang, Xinggang and Liu, Xiaoyu and Bai, Xiang and Belongie, Serge and Yuille, Alan and Torr, Philip HS and Bai, Song},
  journal=IJCV,
  volume={130},
  number={8},
  pages={2022--2039},
  year={2022},
  publisher={Springer}
}

@article{pont2017,
  title={The 2017 davis challenge on video object segmentation},
  author={Pont-Tuset, Jordi and Perazzi, Federico and Caelles, Sergi and Arbel{\'a}ez, Pablo and Sorkine-Hornung, Alex and Van Gool, Luc},
  journal={arXiv preprint arXiv:1704.00675},
  year={2017}
}

@article{DBLP:journals/corr/abs-2303-08774,
  author       = {OpenAI},
  title        = {{GPT-4} Technical Report},
  journal={arXiv preprint arXiv:2303.08774},
  year         = {2023},
  eprinttype    = {arXiv},
  eprint       = {2303.08774},
}

@inproceedings{DBLP:conf/cvpr/MehlSJNB23,
  author       = {Lukas Mehl and
                  Jenny Schmalfuss and
                  Azin Jahedi and
                  Yaroslava Nalivayko and
                  Andr{\'{e}}s Bruhn},
  title        = {Spring: {A} High-Resolution High-Detail Dataset and Benchmark for
                  Scene Flow, Optical Flow and Stereo},
  booktitle    = CVPR,
  pages        = {4981--4991},
  publisher    = {{IEEE}},
  year         = {2023},
}

@inproceedings{DBLP:conf/cvpr/MayerIHFCDB16,
  author       = {Nikolaus Mayer and
                  Eddy Ilg and
                  Philip H{\"{a}}usser and
                  Philipp Fischer and
                  Daniel Cremers and
                  Alexey Dosovitskiy and
                  Thomas Brox},
  title        = {A Large Dataset to Train Convolutional Networks for Disparity, Optical
                  Flow, and Scene Flow Estimation},
  booktitle    = CVPR,
  pages        = {4040--4048},
  publisher    = {{IEEE} Computer Society},
  year         = {2016},
}

@article{DBLP:journals/ijcv/RanjanHTTRB20,
  author       = {Anurag Ranjan and
                  David T. Hoffmann and
                  Dimitrios Tzionas and
                  Siyu Tang and
                  Javier Romero and
                  Michael J. Black},
  title        = {Learning Multi-human Optical Flow},
  journal      = IJCV,
  volume       = {128},
  number       = {4},
  pages        = {873--890},
  year         = {2020},
}

@article{DBLP:journals/corr/abs-2001-10773,
  author       = {Yohann Cabon and
                  Naila Murray and
                  Martin Humenberger},
  title        = {Virtual {KITTI} 2},
  journal={arXiv preprint arXiv:2001.10773},
  year         = {2020},
  url          = {https://arxiv.org/abs/2001.10773},
  eprinttype    = {arXiv},
  eprint       = {2001.10773},

}

@article{yang2024cogvideox,
  title={{CogVideoX}: Text-to-Video Diffusion Models with An Expert Transformer},
  author={Yang, Zhuoyi and Teng, Jiayan and Zheng, Wendi and Ding, Ming and Huang, Shiyu and Xu, Jiazheng and Yang, Yuanming and Hong, Wenyi and Zhang, Xiaohan and Feng, Guanyu and others},
  journal={arXiv preprint arXiv:2408.06072},
  year={2024}
}

@misc{yang2024cogvideoxtexttovideodiffusionmodels,
      title={CogVideoX: Text-to-Video Diffusion Models with An Expert Transformer}, 
      author={Zhuoyi Yang and Jiayan Teng and Wendi Zheng and Ming Ding and Shiyu Huang and Jiazheng Xu and Yuanming Yang and Wenyi Hong and Xiaohan Zhang and Guanyu Feng and Da Yin and Xiaotao Gu and Yuxuan Zhang and Weihan Wang and Yean Cheng and Ting Liu and Bin Xu and Yuxiao Dong and Jie Tang},
      year={2024},
      eprint={2408.06072},
      archivePrefix={arXiv},
      primaryClass={cs.CV},
      url={https://arxiv.org/abs/2408.06072}, 
}

@article{polyak2024movie,
  author       = {Adam Polyak and
                  Amit Zohar and
                  Andrew Brown and
                  Andros Tjandra and
                  Animesh Sinha and
                  Ann Lee and
                  Apoorv Vyas and
                  Bowen Shi and
                  Chih{-}Yao Ma and
                  Ching{-}Yao Chuang and
                  David Yan and
                  Dhruv Choudhary and
                  Dingkang Wang and
                  Geet Sethi and
                  Guan Pang and
                  Haoyu Ma and
                  Ishan Misra and
                  Ji Hou and
                  Jialiang Wang and
                  Kiran Jagadeesh and
                  Kunpeng Li and
                  Luxin Zhang and
                  Mannat Singh and
                  Mary Williamson and
                  Matt Le and
                  Matthew Yu and
                  Mitesh Kumar Singh and
                  Peizhao Zhang and
                  Peter Vajda and
                  Quentin Duval and
                  Rohit Girdhar and
                  Roshan Sumbaly and
                  Sai Saketh Rambhatla and
                  Sam S. Tsai and
                  Samaneh Azadi and
                  Samyak Datta and
                  Sanyuan Chen and
                  Sean Bell and
                  Sharadh Ramaswamy and
                  Shelly Sheynin and
                  Siddharth Bhattacharya and
                  Simran Motwani and
                  Tao Xu and
                  Tianhe Li and
                  Tingbo Hou and
                  Wei{-}Ning Hsu and
                  Xi Yin and
                  Xiaoliang Dai and
                  Yaniv Taigman and
                  Yaqiao Luo and
                  Yen{-}Cheng Liu and
                  Yi{-}Chiao Wu and
                  Yue Zhao and
                  Yuval Kirstain and
                  Zecheng He and
                  Zijian He and
                  Albert Pumarola and
                  Ali K. Thabet and
                  Artsiom Sanakoyeu and
                  Arun Mallya and
                  Baishan Guo and
                  Boris Araya and
                  Breena Kerr and
                  Carleigh Wood and
                  Ce Liu and
                  Cen Peng and
                  Dmitry Vengertsev and
                  Edgar Sch{\"{o}}nfeld and
                  Elliot Blanchard and
                  Felix Juefei{-}Xu and
                  Fraylie Nord and
                  Jeff Liang and
                  John Hoffman and
                  Jonas Kohler and
                  Kaolin Fire and
                  Karthik Sivakumar and
                  Lawrence Chen and
                  Licheng Yu and
                  Luya Gao and
                  Markos Georgopoulos and
                  Rashel Moritz and
                  Sara K. Sampson and
                  Shikai Li and
                  Simone Parmeggiani and
                  Steve Fine and
                  Tara Fowler and
                  Vladan Petrovic and
                  Yuming Du},
  title        = {{Movie Gen}: {A} Cast of Media Foundation Models},
  journal      = {arXiv preprint arXiv:2410.13720},
  year         = {2024},
  url          = {https://doi.org/10.48550/arXiv.2410.13720},
  doi          = {10.48550/ARXIV.2410.13720},
  eprinttype    = {arXiv},
  eprint       = {2410.13720},
  timestamp    = {Mon, 03 Mar 2025 21:35:32 +0100},
  biburl       = {https://dblp.org/rec/journals/corr/abs-2410-13720.bib},
  bibsource    = {dblp computer science bibliography, https://dblp.org}
}

@InProceedings{wu2024draganythingmotioncontrolusing,
  author    = {Weijia Wu and Zhuang Li and Yuchao Gu and Rui Zhao and Yefei He and David Junhao Zhang and Mike Zheng Shou and Yan Li and Tingting Gao and Di Zhang},
  booktitle = ECCV,
  title     = {{DragAnything}: Motion Control for Anything Using Entity Representation},
  doi       = {10.1007/978-3-031-72670-5\_19},
  editor    = {Ales Leonardis and Elisa Ricci and Stefan Roth and Olga Russakovsky and Torsten Sattler and G{\"{u}}l Varol},
  pages     = {331--348},
  publisher = {Springer},
  series    = {Lecture Notes in Computer Science},
  url       = {https://doi.org/10.1007/978-3-031-72670-5\_19},
  volume    = {15080},
  bibsource = {dblp computer science bibliography, https://dblp.org},
  biburl    = {https://dblp.org/rec/conf/eccv/WuLGZHZSLGZ24.bib},
  timestamp = {Tue, 12 Nov 2024 13:34:47 +0100},
  year      = {2024},
}

@misc{pexel,
  title         = {Pexels},
  howpublished  = { \url{https://www.pexels.com/
}},
  url        = "https://www.pexels.com/
"
}

@Article{kong2024hunyuanvideo,
  author        = {Weijie Kong, Qi Tian, Zijian Zhang, Rox Min, Zuozhuo Dai, Jin Zhou, Jiangfeng Xiong, Xin Li, Bo Wu, Jianwei Zhang, Kathrina Wu, Qin Lin, Aladdin Wang, Andong Wang, Changlin Li, Duojun Huang, Fang Yang, Hao Tan, Hongmei Wang, Jacob Song, Jiawang Bai, Jianbing Wu, Jinbao Xue, Joey Wang, Junkun Yuan, Kai Wang, Mengyang Liu, Pengyu Li, Shuai Li, Weiyan Wang, Wenqing Yu, Xinchi Deng, Yang Li, Yanxin Long, Yi Chen, Yutao Cui, Yuanbo Peng, Zhentao Yu, Zhiyu He, Zhiyong Xu, Zixiang Zhou, Zunnan Xu, Yangyu Tao, Qinglin Lu, Songtao Liu, Dax Zhou, Hongfa Wang, Yong Yang, Di Wang, Yuhong Liu, and Jie Jiang, along with Caesar Zhong},
  title         = {HunyuanVideo: A Systematic Framework For Large Video Generative Models},
  url           = {https://arxiv.org/abs/2412.03603},
  journal = {arXiv preprint arXiv:2412.03603},
  primaryclass  = {cs.CV},
  year          = {2024},
}

@Article{Ravi2024,
  author       = {Ravi, Nikhila and Gabeur, Valentin and Hu, Yuan-Ting and Hu, Ronghang and Ryali, Chaitanya and Ma, Tengyu and Khedr, Haitham and R{\"a}dle, Roman and Rolland, Chloe and Gustafson, Laura and Mintun, Eric and Pan, Junting and Alwala, Kalyan Vasudev and Carion, Nicolas and Wu, Chao-Yuan and Girshick, Ross and Doll{\'a}r, Piotr and Feichtenhofer, Christoph},
  date         = {2024},
  journaltitle = {arXiv preprint arXiv:2408.00714},
  title        = {SAM 2: Segment Anything in Images and Videos},
  url          = {https://arxiv.org/abs/2408.00714},
}

@Article{Yuan2024,
  author       = {Yuan, Shenghai and Huang, Jinfa and He, Xianyi and Ge, Yunyuan and Shi, Yujun and Chen, Liuhan and Luo, Jiebo and Yuan, Li},
  date         = {2024},
  journaltitle = {arXiv preprint arXiv:2411.17440},
  title        = {Identity-Preserving Text-to-Video Generation by Frequency Decomposition},
}

@misc{ravi2024sam2segmentimages,
      title={SAM 2: Segment Anything in Images and Videos}, 
      author={Nikhila Ravi and Valentin Gabeur and Yuan-Ting Hu and Ronghang Hu and Chaitanya Ryali and Tengyu Ma and Haitham Khedr and Roman Rädle and Chloe Rolland and Laura Gustafson and Eric Mintun and Junting Pan and Kalyan Vasudev Alwala and Nicolas Carion and Chao-Yuan Wu and Ross Girshick and Piotr Dollár and Christoph Feichtenhofer},
      year={2024},
      eprint={2408.00714},
      archivePrefix={arXiv},
      primaryClass={cs.CV},
      url={https://arxiv.org/abs/2408.00714}, 
}

@inproceedings{mou2024revideoremakevideomotion,
  author       = {Chong Mou and
                  Mingdeng Cao and
                  Xintao Wang and
                  Zhaoyang Zhang and
                  Ying Shan and
                  Jian Zhang},
  editor       = {Amir Globersons and
                  Lester Mackey and
                  Danielle Belgrave and
                  Angela Fan and
                  Ulrich Paquet and
                  Jakub M. Tomczak and
                  Cheng Zhang},
  title        = {{ReVideo}: Remake a Video with Motion and Content Control},
  booktitle    = NIPS,
  year         = {2024},
  url          = {http://papers.nips.cc/paper\_files/paper/2024/hash/20e6b4dd2b1f82bc599c593882f67f75-Abstract-Conference.html},
  timestamp    = {Thu, 13 Feb 2025 16:56:43 +0100},
  biburl       = {https://dblp.org/rec/conf/nips/MouCW0S024.bib},
  bibsource    = {dblp computer science bibliography, https://dblp.org}
}

@article{geng2024motionpromptingcontrollingvideo,
  author       = {Daniel Geng and
                  Charles Herrmann and
                  Junhwa Hur and
                  Forrester Cole and
                  Serena Zhang and
                  Tobias Pfaff and
                  Tatiana Lopez{-}Guevara and
                  Carl Doersch and
                  Yusuf Aytar and
                  Michael Rubinstein and
                  Chen Sun and
                  Oliver Wang and
                  Andrew Owens and
                  Deqing Sun},
  title        = {Motion Prompting: Controlling Video Generation with Motion Trajectories},
  journal={arXiv preprint arXiv:2412.02700},
  year         = {2024},
  url          = {https://doi.org/10.48550/arXiv.2412.02700},
  doi          = {10.48550/ARXIV.2412.02700},
  eprinttype    = {arXiv},
  eprint       = {2412.02700},
  timestamp    = {Mon, 13 Jan 2025 21:28:29 +0100},
  biburl       = {https://dblp.org/rec/journals/corr/abs-2412-02700.bib},
  bibsource    = {dblp computer science bibliography, https://dblp.org}
}

@inproceedings{shi2024motioni2vconsistentcontrollableimagetovideo,
  author       = {Xiaoyu Shi and
                  Zhaoyang Huang and
                  Fu{-}Yun Wang and
                  Weikang Bian and
                  Dasong Li and
                  Yi Zhang and
                  Manyuan Zhang and
                  Ka Chun Cheung and
                  Simon See and
                  Hongwei Qin and
                  Jifeng Dai and
                  Hongsheng Li},
  editor       = {Andres Burbano and
                  Denis Zorin and
                  Wojciech Jarosz},
  title        = {{Motion-I2V}: Consistent and Controllable Image-to-Video Generation
                  with Explicit Motion Modeling},
  booktitle    = {{SIGGRAPH}},
  pages        = {111},
  publisher    = {{ACM}},
  year         = {2024},
  url          = {https://doi.org/10.1145/3641519.3657497},
  doi          = {10.1145/3641519.3657497},
  timestamp    = {Sun, 19 Jan 2025 13:32:20 +0100},
  biburl       = {https://dblp.org/rec/conf/siggraph/ShiHWBLZZCSQDL24.bib},
  bibsource    = {dblp computer science bibliography, https://dblp.org}
}

@misc{Kling,
  title         = {Kling AI},
  howpublished  = { Accessed June, 2024 [Online] \url{https://klingai.com
}},
  url        = "https://klingai.com
"
}

@inproceedings{jang2023pucapatchunshufflechannelattention,
  author       = {Hyemi Jang and
                  Junsung Park and
                  Dahuin Jung and
                  Jaihyun Lew and
                  Ho Bae and
                  Sungroh Yoon},
  editor       = {Alice Oh and
                  Tristan Naumann and
                  Amir Globerson and
                  Kate Saenko and
                  Moritz Hardt and
                  Sergey Levine},
  title        = {{PUCA}: Patch-Unshuffle and Channel Attention for Enhanced Self-Supervised
                  Image Denoising},
  booktitle    = NIPS,
  year         = {2023},
  url          = {http://papers.nips.cc/paper\_files/paper/2023/hash/3d226fb8fbd6ee6ec70d0427f1319707-Abstract-Conference.html},
  timestamp    = {Fri, 01 Mar 2024 16:26:20 +0100},
  biburl       = {https://dblp.org/rec/conf/nips/JangPJLBY23.bib},
  bibsource    = {dblp computer science bibliography, https://dblp.org}
}

@Comment{jabref-meta: databaseType:biblatex;}

